2169 3766
466 160 562 211 DE
623 135 877 206 Bmo
932 79 1457 203 emur-Lm.»
1500 130 1625 205 111.
1785 133 1925 230 287

161 273 385 343 praeter
415 259 700 319 Larissaeos
727 261 825 336 qui
869 258 1087 337 magnis
1116 258 1444 315 exercitibus
1473 258 1746 336 Scipionis
1773 275 1962 321 tene-·

166 346 413 410 bantur,
449 342 594 420 quin
622 338 826 397 Caesari
866 353 1125 414 parerent
1151 352 1318 415 atque
1353 338 1623 412 imperata
1663 338 1929 402 facerent.

95 483 100 490 x
171 424 289 482 Ille
324 420 522 498 segetis
552 419 819 476 idoneum
859 419 1045 474 locum
1087 418 1142 473 in
1174 435 1319 495 agris
1350 419 1557 484 nufias,
1601 439 1726 498 quae
1753 422 1932 499 prope

169 502 307 579 jam
364 513 581 558 matura
622 508 776 561 erat,
831 499 909 555 ibi
953 498 1254 553 adventum
1302 494 1615 573 exspectare
1656 499 1933 579 Pompeii,

181 581 378 657 edque
405 597 630 636 omnem
660 574 933 634 rationem
962 575 1095 633 belli
1122 576 1374 633 conferre
1402 578 1693 646 constituit.

275 660 497 719 LXIX.
537 656 833 732 Pompeius
877 656 1065 732 paucis
1106 656 1224 732 post
1263 655 1457 714 diebus
1500 656 1558 713 in
1596 658 1934 719 Thessaliam

186 740 488 819 pervenio
520 734 987 812 concinnatasque
1015 735 1165 811 apud
1192 738 1448 793 cunctum
1477 739 1797 804 exercitum,
1827 740 1935 799 suis

189 819 321 897 agit
348 817 585 898 gratias:
626 814 900 891 Scipionis
932 814 1133 871 milites
1162 815 1499 882 cohortatur,
1533 829 1608 883 ut,
1638 817 1796 895 parta
1812 819 1938 895 jam

192 897 452 963 victoris,
504 895 704 973 praedae
744 899 809 951 ac
851 895 1204 971 praemiorum
1245 895 1419 952 velint
1458 895 1564 952 effe
1603 898 1927 976 participes:
1962 916 1970 924 ·

194 975 543 1054 receptisque
589 973 849 1033 omnibus
901 974 959 1031 in
1013 975 1124 1031 una
1164 974 1335 1031 castra
1387 973 1722 1050 legionibus,
1774 977 1934 1037 suum

194 1075 331 1115 cum
387 1056 644 1132 Scipione
698 1054 967 1109 honorem
1026 1054 1289 1129 partitur:
1346 1053 1732 1132 classicumque
1784 1058 1935 1134 apud

197 1155 332 1194 eum
360 1136 507 1202 cani,
550 1138 601 1190 δε
631 1134 860 1190 alterum
892 1133 971 1189 illi
993 1132 1156 1206 jubet
1181 1133 1494 1210 praetorium
1526 1135 1696 1191 tendi.
1779 1137 1932 1199 Auc-¹

196 1216 270 1272 tis
311 1213 485 1290 copiis
511 1211 782 1288 Pompeii,
825 1210 1152 1289 duobusque
1195 1211 1409 1288 magnis
1437 1208 1766 1271 exercitibus
1799 1233 1935 1273 con-

194 1292 431 1371 juncti„
492 1293 711 1369 pristina
751 1292 1002 1349 omnium
1055 1291 1413 1349 confirmatur
1451 1293 1664 1367 opini0,
1720 1298 1771 1350 &
1813 1293 1936 1373 spes

112 1394 123 1402 ·
201 1373 446 1434 victoriae
481 1386 718 1449 augetur
750 1372 914 1434 adeo,
961 1385 1038 1438 ut,
1080 1370 1347 1450 quicquid
1386 1370 1750 1431 intercederet
1788 1385 1934 1432 tem-

200 1452 371 1531 poris,
417 1450 472 1507 id
515 1451 721 1508 morari
760 1451 995 1508 reditum
1036 1450 1094 1507 in
1137 1451 1356 1509 Italiam
1399 1451 1707 1520 videretur3
1763 1455 1835 1521 δε,
1890 1453 1932 1513 fi

199 1531 431 1610 quando
470 1531 605 1606 quid
636 1530 932 1606 Pompeius
972 1529 1178 1604 tardius
1219 1544 1314 1587 aut
1352 1531 1743 1589 consideratius
1783 1532 1936 1592 face-

202 1623 305 1678 ret,
359 1614 504 1667 unius
545 1610 632 1685 effi
670 1614 915 1685 negotium
951 1610 1070 1675 diei,
1110 1610 1215 1680 std
1241 1609 1387 1666 illum
1427 1609 1667 1666 delebiari
1705 1616 1933 1688 imperia,

202 1690 275 1751 &
300 1690 570 1760 consulares
602 1689 963 1764 praetorio'sque
982 1690 1263 1762 servorum
1302 1687 1486 1745 babere
1524 1705 1747 1760 numero„
1782 1692 1938 1750 dice-

193 1782 345 1827 tent.
429 1766 669 1846 Jamque
694 1767 835 1825 inter
865 1767 917 1824 se
955 1767 1139 1843 palam
1168 1769 1239 1824 de
1267 1767 1504 1845 praerniis
1531 1788 1596 1825 ac
1624 1768 1940 1829 sacerdotiis

199 1848 647 1916 contendebant5
679 1848 735 1906 in
763 1846 1045 1926 annosque
1071 1845 1415 1906 consulatum
1443 1847 1811 1909 definiebantz
1843 1849 1940 1909 alii

201 1929 405 1986 domos
457 1927 711 2005 bonaque
751 1947 968 1996 eorum,
1022 1929 1121 2006 qui
1161 1927 1216 1984 in
1260 1929 1440 1986 castris
1481 1943 1637 1985 erant
1679 1927 1938 1999 Caesaris,

163 2056 172 2063 ,
204 2008 507 2085 petebant:
552 2006 870 2085 magnaque
909 2009 1050 2065 inter
1078 2026 1173 2064 eos
1215 2008 1271 2064 in
1312 2005 1537 2064 consilio
1578 2006 1683 2064 fuit
1717 2022 1940 2067 contro-

204 2087 400 2155 versia,
439 2086 824 2163 opportere-me
867 2088 931 2144 L.
979 2086 1157 2151 Hirri,
1201 2087 1354 2163 quod
1399 2086 1442 2141 is
1483 2085 1515 2143 a
1554 2087 1824 2163 Pompeio
1866 2088 1940 2146 ad

207 2167 438 2226 Parthos
469 2165 649 2223 miffus
672 2167 819 2232 esset,
849 2166 1115 2243 proximis
1138 2166 1375 2221 comitiis
1405 2166 1669 2241 praetoriis
1698 2165 1939 2224 absentis
2020 2166 2033 2185 “

194 2245 478 2304 τειῐὶοηεω
534 2245 763 2313 haberi;
820 2266 991 2323 quum
1033 2244 1150 2319 ejus
1191 2244 1469 2301 necessarii
1516 2244 1681 2302 fidem
1735 2246 1940 2323 implo-

204 2337 393 2384 rarent
432 2323 701 2402 Pompeii,
758 2339 816 2381 ut
856 2325 1148 2403 ptaestaret,
1189 2324 1337 2400 quod
1382 2323 1748 2400 proficiscenti
1788 2343 1942 2383 rece-

208 2404 385 2481 pisset,
428 2420 498 2462 ne
530 2423 628 2481 per
655 2404 773 2481 ejus
801 2406 1180 2473 auftoritatem
1210 2403 1475 2478 deceptus
1502 2402 1806 2470 videretur;
1854 2422 1942 2461 re-

206 2482 370 2561 liqui,
410 2481 467 2538 in
509 2484 699 2540 labore
739 2485 860 2561 pari
901 2503 966 2541 ac
1009 2482 1274 2561 periculO,
1321 2502 1388 2539 ne
1431 2501 1568 2537 unus
1605 2500 1799 2539 omnes
1843 2503 1942 2542 an-

205 2562 502 2629 tecederet,
537 2564 864 2621 recusarent,
948 2565 1072 2640 Jam
1104 2563 1175 2620 de
1202 2560 1507 2619 sacerdotio
1533 2561 1783 2629 Caesaris,
1820 2563 1941 2620 Do-

212 2642 417 2705 mitius,
462 2642 668 2719 Scipio,
713 2642 1083 2721 Spintherque
1113 2642 1398 2708 Lentulus,
1440 2640 1779 2718 quotidianis
1806 2658 1941 2700 con-

208 2720 549 2779 tentionibus
592 2721 660 2778 ad
715 2724 1050 2800 graviffimas
1094 2722 1390 2778 verborum
1432 2721 1797 2778 contumelias
1839 2740 1940 2799 pa·

208 2797 323 2857 lam
359 2799 793 2861 descenderunt:
836 2822 1007 2879 quum
1042 2799 1309 2865 Lentulus
1337 2799 1508 2857 aetatis
1551 2799 1817 2857 honorem
1854 2799 1941 2858 os-

210 2889 471 2945 tentaret;
500 2882 780 2943 Domitius
805 2881 1074 2939 urbanam
1097 2881 1334 2959 gratiam
1358 2878 1798 2956 dignitatemque
1818 2879 1941 2956 jac-

210 2970 382 3023 taret;
427 2959 615 3037 Scipio
659 2961 920 3017 affinitate
949 2960 1200 3036 Pompeii
1243 2957 1564 3015 confideret.
1648 2960 1945 3018 Postulavit

205 3038 376 3094 etiam
409 3037 486 3093 L.
519 3039 812 3097 Afranium
859 3040 1185 3116 proditionis
1225 3036 1492 3094 exercitus
1534 3038 1715 3096 Attius
1759 3039 1941 3105 Rufus

209 3118 353 3192 apud
398 3114 750 3192 Pompeium,
807 3121 955 3196 quod
1014 3120 1221 3196 gestum
1279 3118 1335 3174 in
1382 3115 1653 3191 Hispania
1701 3119 1947 3176 diceret:

201 3198 250 3251 &
313 3196 376 3252 L.
426 3195 705 3255 Domitius
763 3201 819 3255 in
875 3201 1117 3256 concilio
1171 3197 1350 3263 dixit3
1400 3194 1601 3270 placere
1632 3196 1765 3273 fibi,
1822 3196 1949 3255 bello

202 3275 452 3348 confido,
476 3289 652 3336 ternas
681 3276 900 3335 tabellas
939 3279 1060 3333 dari
1100 3279 1177 3332 ad
1198 3278 1532 3349 judicandum
1571 3283 1656 3343 iis,
1700 3282 1787 3354 qui
1813 3278 1953 3333 ordi-

201 3354 278 3410 nis
315 3356 463 3432 effent
493 3356 777 3429 strimarii,
832 3355 1048 3435 bello'que
1083 3353 1192 3417 und
1236 3378 1355 3415 tum
1406 3357 1527 3434 ipsis
1577 3357 1955 3432 inteffugfflnn

1756 3445 1963 3507 senten·-
