2169 3766
404 116 497 168 Dr.
559 86 816 190 Beato
873 93 1243 172 GAmeo
1283 91 1479 191 Lm.
1533 90 1664 166 lv.
1808 82 1903 186 65'

209 226 396 274 maturae
446 219 569 276 sunt
615 216 885 291 hyemes3
931 229 1116 274 tamen
1158 216 1213 274 in
1261 215 1600 274 Britanniam
1642 212 1910 294 proficisci

209 296 486 363 coutendit;
531 295 687 374 quod
718 293 980 353 omnibus
1007 294 1124 352 fere
1164 296 1393 353 Gallicis
1445 293 1624 363 bellis,
1666 292 1907 352 hostibus

211 374 363 431 nostris
410 373 538 432 inde
593 374 989 432 subministrata
1034 373 1254 431 auxillia
1305 372 1692 454 intelligebat:
1757 378 1828 440 δι,
1866 367 1909 430 fi

210 465 390 529 tempus
439 451 568 510 anni
621 452 692 510 ad
738 453 945 509 bellum
994 453 1299 529 gerendum
1365 453 1658 521 deficerem
1721 466 1910 510 tamen

209 549 379 608 magno
403 531 497 590 fibi
529 531 640 589 usui
671 531 788 590 fore
824 530 1204 598 arbitrabatur,
1245 532 1285 589 fi
1339 533 1511 592 modo
1547 531 1784 590 ‘insulam
1833 528 1906 587 ad
1947 602 1950 605 Ι

206 605 334 676 iffet3
371 629 540 688 genus
584 609 876 668 hominum
918 609 1302 686 perspexissem
1342 610 1483 677 loca,
1535 624 1745 687 portus,
1788 608 1908 666 adi-

205 700 275 744 tus
299 689 621 766 cognoviffet
650 710 668 757 ;
718 708 843 766 quae
870 687 1057 745 omnia
1083 687 1196 746 fere
1235 687 1414 747 Gallis
1457 702 1612 747 erant
1661 687 1913 767 incogni-

205 779 275 823 ta:
316 786 484 846 neque
534 768 687 825 enim
744 766 969 833 temere,
1005 782 1209 843 praeter
1257 781 1603 835 mercatores,
1658 766 1761 825 inb
1798 766 1914 828 adit

202 843 455 922 quisquam
481 867 499 913 ς
530 865 727 924 'neque
752 846 817 902 iis
844 845 970 922 ipsis
1022 845 1349 923 quidquam,
1390 862 1590 923 praeter
1611 863 1765 903 oram
1795 863 1913 903 ma·

201 923 431 992 ritimam,
471 940 642 1004 atque
670 943 758 982 eas
784 924 1054 1002 regiones,
1100 944 1225 1002 quae
1267 924 1386 982 sunt
1427 938 1620 983 contra
1644 922 1913 993 Galliam,

206 1014 371 1060 notum
398 1004 486 1060 est.
570 1006 790 1080 Itaque,
812 1005 1125 1060 convocatis
1152 1004 1221 1061 ad
1249 1002 1301 1060 sc
1329 1004 1573 1081 undique
1600 1002 1918 1061 mercatori-

206 1076 321 1148 bus;
358 1102 531 1160 neque
559 1096 776 1160 quanta
799 1081 927 1139 esset
955 1082 1139 1139 insulae
1166 1082 1532 1160 magnitud03
1563 1100 1632 1141 ne
1678 1097 1743 1139 ue
1810 1100 1915 1149 uae,

203 1172 282 1216 aut
302 1164 510 1237 quantae
538 1161 794 1218 nationes
815 1161 1116 1218 incolerent
1143 1182 1161 1229 ;
1202 1174 1382 1237 neque
1406 1178 1570 1239 quem
1601 1100 1752 1218 upum
1820 1156 1914 1218 elli

202 1233 568 1308 haberent,aut
596 1237 800 1316 quibus
820 1237 1072 1297 institutis
1097 1250 1407 1305 uterentur;
1436 1256 1616 1317 neque
1635 1231 1733 1318 qui
1748 1238 1917 1297 effent

204 1312 259 1373 ad
285 1314 537 1392 majorum
566 1317 795 1376 navium
815 1315 1228 1375 multitudinem
1248 1316 1432 1375 idonei
1459 1332 1681 1396 portus,
1712 1316 1918 1394 reperi-

168 1408 179 1419 ·
203 1409 251 1448 re
275 1388 491 1469 poterat.
534 1394 775 1461 Asshaec
799 1394 1195 1473 cognoscenda,
1239 1393 1386 1473 prius
1413 1395 1580 1474 quam
1610 1395 1916 1474 periculum

206 1470 401 1541 iaceret,
428 1473 707 1539 idoneum„
726 1472 832 1531 effe
857 1470 1165 1541 arbitratus,
1196 1473 1268 1532 C.
1298 1472 1634 1533 Volusenum
1662 1492 1790 1534 cum
1819 1493 1919 1530 na-

208 1550 253 1604 vi
277 1549 431 1628 longa
456 1551 766 1637 praemittit.
812 1551 965 1611 Huic
989 1551 1236 1621 mandat,
1281 1564 1360 1618 ut,
1400 1551 1696 1631 exploratis
1735 1551 1930 1617 omni·

208 1623 291 1686 bus
314 1629 484 1701 rebus,
524 1633 598 1690 ad
629 1629 681 1689 se
708 1628 880 1709 quam
918 1631 1159 1707 primum
1204 1640 1522 1692 revertatur.
1603 1631 1745 1710 ipse,
1787 1639 1938 1690 cum*

208 1707 434 1768 omuibus
482 1709 686 1788 copiis,
753 1709 813 1766 in
847 1709 1101 1767 Morinos
1150 1709 1543 1788 proficiscitur3
1585 1710 1743 1790 quod
1783 1707 1919 1769 inde

203 1798 302 1843 erat
325 1787 652 1848 breviffimus
703 1786 761 1845 in
808 1787 1143 1847 Britanniam
1187 1789 1558 1864 transjefitus:
1601 1790 1711 1847 huc
1756 1805 1923 1846 naves

205 1863 421 1944 undique
474 1887 547 1928 ex
612 1865 881 1927 finitimis,
911 1867 1255 1946 regionibus,
1317 1874 1369 1927 &
1414 1888 1581 1946 quam
1633 1867 1923 1945 *superiore
1997 1876 2030 1908 ’-

203 1944 357 2035 aestate
382 1945 448 2006 ad
477 1947 813 2008 Veneticum
841 1945 1048 2005 bellum
1090 1946 1292 2007 fecerat
1314 1948 1553 2017 claffem,
1588 1945 1749 2024 jubet
1787 1947 1924 2006 coh-

203 2038 386 2081 vemre.
786 2060 789 2063 >

268 2099 415 2162 XIX.
439 2103 693 2173 interim,
718 2103 944 2164 consilio
967 2104 1082 2183 ejus
1109 2105 1357 2185 cognito,
1390 2110 1441 2164 &
1468 2123 1569 2182 per
1593 2116 1923 2164 mercatores

202 2181 394 2313 perlato
417 2184 487 2242 ad
518 2184 809 2242 Britannos
833 2206 853 2254 3
881 2183 915 2242 ὲ
941 2185 1319 2263 compluribus
1339 2184 1456 2261 ejus
1478 2184 1661 2242 insulae
1686 2183 1928 2242 civitati·

237 2279 286 2315 us
301 2262 364 2319 ad
391 2277 523 2321 eum·
539 2263 712 2343 legati
740 2264 1001 2332 veniunt,·‘
1048 2264 1102 2322 ui
1127 2264 1507 2342 polliceantur,
1535 2262 1746 2323 obfides
1771 2262 1923 2331 dare,

204 2351 351 2417 atque
376 2341 613 2420 imperio
639 2340 835 2420 populi
876 2340 949 2399 R.
978 2361 1014 2399 o
1057 2357 1381 2421 temperare.
1423 2341 1642 2420 Qibus
1681 2340 1921 2408 auditis,

203 2413 479 2479 liberaliter
504 2420 811 2499 pollicitus,
838 2420 1208 2499 hortatusque,
1240 2435 1301 2480 ut
1326 2421 1384 2478 in
1411 2420 1479 2479 ea
1503 2420 1772 2480 sententia
1799 2435 1925 2498 per-

202 2510 484 2567 manerent,
512 2517 610 2558 eos
635 2499 866 2557 domum
893 2500 1135 2559 remitit:
1166 2505 1219 2559 δε
1244 2519 1371 2558 cum
1401 2499 1485 2556 his
1511 2498 1618 2557 una
1634 2500 1923 2567 Comium,

203 2590 350 2648 quem
380 2577 511 2655 ipse,
544 2578 898 2640 Atrebatibus
920 2577 1203 2655 superatis,
1229 2598 1416 2657 regem
1445 2579 1528 2637 ibi.
1550 2579 1894 2637 constituerat
1904 2596 1927 2647 ς

198 2651 339 2726 cujus
365 2661 415 2713 &
442 2658 704 2716 virtutem
734 2661 787 2715 δι
812 2658 1097 2716 confilium
1126 2657 1417 2735 probabat,
1458 2664 1509 2716 δε
1535 2676 1701 2735 quem
1728 2655 1825 2715 fibi
1862 2656 1928 2715 fi-

206 2728 367 2791 delem
392 2734 778 2804 arbitrabatur,
812 2735 1068 2815 cujusque
1096 2737 1385 2798 auctoritas
1413 2736 1472 2794 in
1500 2737 1582 2794 his
1608 2734 1929 2815 regionibus

210 2825 390 2889 magna
415 2813 760 2881 habebat'ur3
803 2816 996 2873 mittit.
1077 2816 1231 2873 Huic
1259 2816 1535 2892 imperat;
1576 2834 1712 2894 quas
1754 2814 1929 2892 poffit,

208 2888 352 2947 adeat
375 2893 622 2952 civitates
644 2892 1070 2971 {hortetur-que,
1099 2908 1158 2951 ut
1181 2894 1377 2971 populi
1404 2894 1475 2951 R.
1506 2894 1672 2953 fidem
1701 2891 1926 2970 l'equan⁴

211 2976 318 3024 tur:
357 2969 523 3047 seque
547 2971 794 3030 celeriter
837 2973 907 3031 eo
938 2988 1229 3030 venturum
1275 2974 1517 3032 nunciet.
1599 2971 1933 3039 VolusenuS,

211 3045 477 3123 perspeffis
526 3049 875 3129 regionibus;
918 3065 1186 3128 quantum
1209 3050 1260 3108 ei
1287 3051 1559 3109 facultatis
1581 3050 1701 3110 dari
1729 3051 1932 3127 potuit,

176 3195 179 3196 ⁷
211 3124 294 3197 qui
321 3128 443 3185 navi
469 3130 661 3207 egredi
704 3147 770 3187 ac
796 3128 847 3186 se
876 3128 1119 3187 barbaris
1144 3131 1491 3189 committere
1520 3147 1631 3188 non
1673 3130 1934 3193 auderet}

213 3218 244 3255 v
265 3201 349 3261 die
373 3206 444 3296 ad
472 3208 748 3267 Caesarem
793 3206 1084 3268 revertitur
1110 3227 1130 3276 ς
1172 3226 1412 3288 quaeque
1447 3209 1527 3269 ibi
1569 3206 1936 3286 perspexisset,

210 3295 498 3346 renunciat.
551 3318 559 3327 ·
722 3319 727 3322 Δ
1802 3355 1916 3412 XX
