<?xml version="1.0" encoding="UTF-8"?>
<!DOCTYPE html PUBLIC "-//W3C//DTD XHTML 1.0 Transitional//EN"
    "http://www.w3.org/TR/xhtml1/DTD/xhtml1-transitional.dtd">
<html xmlns="http://www.w3.org/1999/xhtml" xml:lang="en" lang="en">
 <head>
  <title>
</title>
<meta http-equiv="Content-Type" content="text/html;charset=utf-8" />
  <meta name='ocr-system' content='tesseract 3.04.00' />
  <meta name='ocr-capabilities' content='ocr_page ocr_carea ocr_par ocr_line ocrx_word'/>
</head>
<body>
  <div class='ocr_page' id='page_1' title='image "./cjuliicsariseta00maitgoog_0395.png"; bbox 0 0 2169 3766; ppageno 0'>
   <div class='ocr_carea' id='block_1_1' title="bbox 375 63 1912 188">
    <p class='ocr_par' dir='ltr' id='par_1_1' title="bbox 375 63 1912 188">
     <span class='ocr_line' id='line_1_1' title="bbox 375 63 1912 188; baseline -0.002 -25"><span class='ocrx_word' id='word_1_1' title='bbox 375 63 1608 171; x_wconf 26' lang='lat' dir='ltr'>&#39;DEBELLOAFRICQANO</span> <span class='ocrx_word' id='word_1_2' title='bbox 1766 105 1912 188; x_wconf 83' lang='lat'><em>357·</em></span> 
     </span>
    </p>
   </div>
   <div class='ocr_carea' id='block_1_2' title="bbox 163 205 2027 3369">
    <p class='ocr_par' dir='ltr' id='par_1_2' title="bbox 163 205 2027 3369">
     <span class='ocr_line' id='line_1_2' title="bbox 167 205 1916 293; baseline 0.002 -23"><span class='ocrx_word' id='word_1_3' title='bbox 167 265 178 270; x_wconf 84' lang='grc'><em>-</em></span> <span class='ocrx_word' id='word_1_4' title='bbox 247 213 535 273; x_wconf 80' lang='lat' dir='ltr'>Xxvm.</span> <span class='ocrx_word' id='word_1_5' title='bbox 600 212 784 288; x_wconf 84' lang='lat' dir='ltr'>Scipio</span> <span class='ocrx_word' id='word_1_6' title='bbox 810 211 1029 269; x_wconf 87' lang='lat' dir='ltr'>interim</span> <span class='ocrx_word' id='word_1_7' title='bbox 1076 210 1192 268; x_wconf 72' lang='lat' dir='ltr'>fere</span> <span class='ocrx_word' id='word_1_8' title='bbox 1219 211 1469 287; x_wconf 84' lang='lat' dir='ltr'>quotidie</span> <span class='ocrx_word' id='word_1_9' title='bbox 1497 231 1606 274; x_wconf 91' lang='lat' dir='ltr'>non</span> <span class='ocrx_word' id='word_1_10' title='bbox 1645 205 1819 293; x_wconf 71' lang='lat' dir='ltr'>longe</span> <span class='ocrx_word' id='word_1_11' title='bbox 1842 215 1916 274; x_wconf 85' lang='lat' dir='ltr'>ab</span> 
     </span>
     <span class='ocr_line' id='line_1_3' title="bbox 163 292 1916 369; baseline -0.001 -16"><span class='ocrx_word' id='word_1_12' title='bbox 163 293 278 353; x_wconf 77' lang='lat' dir='ltr'>suis</span> <span class='ocrx_word' id='word_1_13' title='bbox 327 294 503 350; x_wconf 85' lang='lat' dir='ltr'>castris</span> <span class='ocrx_word' id='word_1_14' title='bbox 550 292 777 369; x_wconf 84' lang='lat' dir='ltr'>paffibus</span> <span class='ocrx_word' id='word_1_15' title='bbox 828 310 942 347; x_wconf 89' lang='lat' dir='ltr'>ccc</span> <span class='ocrx_word' id='word_1_16' title='bbox 995 292 1248 348; x_wconf 85' lang='lat' dir='ltr'>instruere</span> <span class='ocrx_word' id='word_1_17' title='bbox 1300 292 1494 360; x_wconf 86' lang='lat' dir='ltr'>aciem,</span> <span class='ocrx_word' id='word_1_18' title='bbox 1552 312 1634 361; x_wconf 86' lang='lat' dir='ltr'>ac,</span> <span class='ocrx_word' id='word_1_19' title='bbox 1704 295 1916 367; x_wconf 86' lang='lat' dir='ltr'>majore</span> 
     </span>
     <span class='ocr_line' id='line_1_4' title="bbox 169 365 1922 457; baseline 0 -27"><span class='ocrx_word' id='word_1_20' title='bbox 169 369 290 430; x_wconf 69' lang='lat' dir='ltr'>diei</span> <span class='ocrx_word' id='word_1_21' title='bbox 323 387 478 450; x_wconf 88' lang='lat' dir='ltr'>parte</span> <span class='ocrx_word' id='word_1_22' title='bbox 504 368 851 446; x_wconf 88' lang='lat' dir='ltr'>consumpta,</span> <span class='ocrx_word' id='word_1_23' title='bbox 895 369 1066 426; x_wconf 88' lang='lat' dir='ltr'>rursus</span> <span class='ocrx_word' id='word_1_24' title='bbox 1096 365 1189 426; x_wconf 86' lang='lat' dir='ltr'>se</span> <span class='ocrx_word' id='word_1_25' title='bbox 1175 390 1230 427; x_wconf 87' lang='grc' dir='ltr'>ιιι</span> <span class='ocrx_word' id='word_1_26' title='bbox 1258 372 1418 426; x_wconf 84' lang='lat' dir='ltr'>castra</span> <span class='ocrx_word' id='word_1_27' title='bbox 1445 372 1705 448; x_wconf 88' lang='lat' dir='ltr'>recipere.</span> <span class='ocrx_word' id='word_1_28' title='bbox 1751 369 1922 457; x_wconf 85' lang='lat' dir='ltr'>Qod</span> 
     </span>
     <span class='ocr_line' id='line_1_5' title="bbox 169 448 1922 548; baseline 0.001 -40"><span class='ocrx_word' id='word_1_29' title='bbox 169 471 357 529; x_wconf 86' lang='lat' dir='ltr'>quum</span> <span class='ocrx_word' id='word_1_30' title='bbox 407 449 599 526; x_wconf 65' lang='lat' dir='ltr'>saepius</span> <span class='ocrx_word' id='word_1_31' title='bbox 641 449 827 515; x_wconf 82' lang='lat' dir='ltr'>fieret3</span> <span class='ocrx_word' id='word_1_32' title='bbox 851 468 1045 544; x_wconf 89' lang='lat' dir='ltr'>neque</span> <span class='ocrx_word' id='word_1_33' title='bbox 1091 468 1159 505; x_wconf 85' lang='lat' dir='ltr'>ex</span> <span class='ocrx_word' id='word_1_34' title='bbox 1187 448 1409 507; x_wconf 72' lang='lat' dir='ltr'>Caesaris</span> <span class='ocrx_word' id='word_1_35' title='bbox 1435 452 1608 507; x_wconf 78' lang='lat' dir='ltr'>castris</span> <span class='ocrx_word' id='word_1_36' title='bbox 1633 449 1922 548; x_wconf 86' lang='lat' dir='ltr'>quisquam</span> 
     </span>
     <span class='ocr_line' id='line_1_6' title="bbox 169 521 1921 625; baseline 0.001 -39"><span class='ocrx_word' id='word_1_37' title='bbox 169 530 453 625; x_wconf 86' lang='lat' dir='ltr'>prodiret,</span> <span class='ocrx_word' id='word_1_38' title='bbox 497 547 676 605; x_wconf 89' lang='lat' dir='ltr'>neque</span> <span class='ocrx_word' id='word_1_39' title='bbox 703 521 932 603; x_wconf 87' lang='lat' dir='ltr'>propius</span> <span class='ocrx_word' id='word_1_40' title='bbox 960 526 1075 602; x_wconf 88' lang='lat' dir='ltr'>ejus</span> <span class='ocrx_word' id='word_1_41' title='bbox 1103 528 1287 618; x_wconf 85' lang='lat' dir='ltr'>copias</span> <span class='ocrx_word' id='word_1_42' title='bbox 1313 521 1623 588; x_wconf 82' lang='lat' dir='ltr'>accederet.</span> <span class='ocrx_word' id='word_1_43' title='bbox 1664 528 1921 608; x_wconf 62' lang='lat' dir='ltr'>despecta.</span> 
     </span>
     <span class='ocr_line' id='line_1_7' title="bbox 169 604 1922 697; baseline -0.001 -31"><span class='ocrx_word' id='word_1_44' title='bbox 169 606 474 687; x_wconf 83' lang='lat' dir='ltr'>patientia</span> <span class='ocrx_word' id='word_1_45' title='bbox 481 606 706 664; x_wconf 79' lang='lat' dir='ltr'>Caesaris</span> <span class='ocrx_word' id='word_1_46' title='bbox 734 604 1108 697; x_wconf 65' lang='lat' dir='ltr'>exercitusque</span> <span class='ocrx_word' id='word_1_47' title='bbox 1135 605 1270 680; x_wconf 87' lang='lat' dir='ltr'>ejus,</span> <span class='ocrx_word' id='word_1_48' title='bbox 1316 607 1568 665; x_wconf 71' lang='lat' dir='ltr'>univerfis</span> <span class='ocrx_word' id='word_1_49' title='bbox 1593 609 1765 685; x_wconf 85' lang='lat' dir='ltr'>copiis</span> <span class='ocrx_word' id='word_1_50' title='bbox 1794 629 1922 684; x_wconf 87' lang='lat' dir='ltr'>pro-</span> 
     </span>
     <span class='ocr_line' id='line_1_8' title="bbox 173 682 1925 780; baseline -0.001 -34"><span class='ocrx_word' id='word_1_51' title='bbox 173 688 386 754; x_wconf 70' lang='lat' dir='ltr'>ductis,</span> <span class='ocrx_word' id='word_1_52' title='bbox 430 682 841 780; x_wconf 76' lang='lat' dir='ltr'><strong>elephantisque</strong></span> <span class='ocrx_word' id='word_1_53' title='bbox 895 685 1100 742; x_wconf 88' lang='lat' dir='ltr'>turritis</span> <span class='ocrx_word' id='word_1_54' title='bbox 1144 704 1268 742; x_wconf 85' lang='lat' dir='ltr'>xxx</span> <span class='ocrx_word' id='word_1_55' title='bbox 1308 700 1436 743; x_wconf 86' lang='lat' dir='ltr'>ante</span> <span class='ocrx_word' id='word_1_56' title='bbox 1479 688 1654 745; x_wconf 86' lang='lat' dir='ltr'><strong>aciem</strong></span> <span class='ocrx_word' id='word_1_57' title='bbox 1701 688 1925 745; x_wconf 85' lang='lat' dir='ltr'>instruc-</span> 
     </span>
     <span class='ocr_line' id='line_1_9' title="bbox 177 762 1930 844; baseline -0.001 -19"><span class='ocrx_word' id='word_1_58' title='bbox 177 768 278 834; x_wconf 85' lang='lat' dir='ltr'>tis,</span> <span class='ocrx_word' id='word_1_59' title='bbox 345 786 518 843; x_wconf 92' lang='lat' dir='ltr'>quam</span> <span class='ocrx_word' id='word_1_60' title='bbox 571 762 816 821; x_wconf 71' lang='lat' dir='ltr'>latiffime</span> <span class='ocrx_word' id='word_1_61' title='bbox 881 765 1065 842; x_wconf 85' lang='lat' dir='ltr'>potuit</span> <span class='ocrx_word' id='word_1_62' title='bbox 1142 765 1391 841; x_wconf 63' lang='lat' dir='ltr'>porrecta</span> <span class='ocrx_word' id='word_1_63' title='bbox 1466 766 1716 842; x_wconf 87' lang='lat' dir='ltr'>equitum</span> <span class='ocrx_word' id='word_1_64' title='bbox 1768 767 1930 844; x_wconf 87' lang='lat' dir='ltr'>pedi-</span> 
     </span>
     <span class='ocr_line' id='line_1_10' title="bbox 175 842 1925 923; baseline 0.001 -21"><span class='ocrx_word' id='word_1_65' title='bbox 175 844 422 923; x_wconf 66' lang='lat' dir='ltr'>tumque</span> <span class='ocrx_word' id='word_1_66' title='bbox 474 842 851 909; x_wconf 80' lang='lat' dir='ltr'>multitudine,</span> <span class='ocrx_word' id='word_1_67' title='bbox 921 862 1033 900; x_wconf 87' lang='lat' dir='ltr'>uno</span> <span class='ocrx_word' id='word_1_68' title='bbox 1082 856 1335 919; x_wconf 87' lang='lat' dir='ltr'>tempore</span> <span class='ocrx_word' id='word_1_69' title='bbox 1378 845 1711 922; x_wconf 74' lang='lat' dir='ltr'>progressus,</span> <span class='ocrx_word' id='word_1_70' title='bbox 1776 843 1925 904; x_wconf 83' lang='lat' dir='ltr'>haud</span> 
     </span>
     <span class='ocr_line' id='line_1_11' title="bbox 181 920 1926 1015; baseline 0 -33"><span class='ocrx_word' id='word_1_71' title='bbox 181 926 267 984; x_wconf 85' lang='lat' dir='ltr'>ita</span> <span class='ocrx_word' id='word_1_72' title='bbox 294 920 516 1001; x_wconf 72' lang='lat' dir='ltr'>longe</span> <span class='ocrx_word' id='word_1_73' title='bbox 493 945 526 980; x_wconf 91' lang='lat' dir='ltr'>a</span> <span class='ocrx_word' id='word_1_74' title='bbox 555 921 778 980; x_wconf 82' lang='lat' dir='ltr'>caesaris</span> <span class='ocrx_word' id='word_1_75' title='bbox 806 922 982 980; x_wconf 81' lang='lat' dir='ltr'>castris</span> <span class='ocrx_word' id='word_1_76' title='bbox 1023 922 1260 979; x_wconf 82' lang='lat' dir='ltr'>constitit</span> <span class='ocrx_word' id='word_1_77' title='bbox 1299 922 1359 979; x_wconf 91' lang='lat' dir='ltr'>in</span> <span class='ocrx_word' id='word_1_78' title='bbox 1405 942 1623 999; x_wconf 88' lang='lat' dir='ltr'>campo.</span> <span class='ocrx_word' id='word_1_79' title='bbox 1708 924 1926 1015; x_wconf 80' lang='lat' dir='ltr'>Qibus</span> 
     </span>
     <span class='ocr_line' id='line_1_12' title="bbox 179 999 1926 1081; baseline 0 -19"><span class='ocrx_word' id='word_1_80' title='bbox 179 1002 355 1063; x_wconf 73' lang='lat' dir='ltr'>rebus</span> <span class='ocrx_word' id='word_1_81' title='bbox 384 1000 642 1079; x_wconf 81' lang='lat' dir='ltr'>cognitis,</span> <span class='ocrx_word' id='word_1_82' title='bbox 685 999 864 1059; x_wconf 82' lang='lat' dir='ltr'>Caesar</span> <span class='ocrx_word' id='word_1_83' title='bbox 881 1000 1041 1074; x_wconf 87' lang='lat' dir='ltr'>jubet</span> <span class='ocrx_word' id='word_1_84' title='bbox 1061 1000 1292 1066; x_wconf 86' lang='lat' dir='ltr'>milites,</span> <span class='ocrx_word' id='word_1_85' title='bbox 1327 1001 1423 1081; x_wconf 87' lang='lat' dir='ltr'>qui</span> <span class='ocrx_word' id='word_1_86' title='bbox 1468 1018 1620 1060; x_wconf 86' lang='lat' dir='ltr'>extra</span> <span class='ocrx_word' id='word_1_87' title='bbox 1663 1005 1926 1062; x_wconf 80' lang='lat' dir='ltr'>munitio·</span> 
     </span>
     <span class='ocr_line' id='line_1_13' title="bbox 183 1078 1929 1171; baseline 0 -29"><span class='ocrx_word' id='word_1_88' title='bbox 183 1101 289 1142; x_wconf 78' lang='lat' dir='ltr'>nes</span> <span class='ocrx_word' id='word_1_89' title='bbox 344 1082 734 1171; x_wconf 72' lang='lat' dir='ltr'><strong>processerant,</strong></span> <span class='ocrx_word' id='word_1_90' title='bbox 787 1078 993 1156; x_wconf 87' lang='lat' dir='ltr'>quique</span> <span class='ocrx_word' id='word_1_91' title='bbox 1045 1079 1341 1171; x_wconf 71' lang='lat' dir='ltr'>pabulandi</span> <span class='ocrx_word' id='word_1_92' title='bbox 1389 1095 1485 1144; x_wconf 79' lang='lat' dir='ltr'>aut</span> <span class='ocrx_word' id='word_1_93' title='bbox 1534 1081 1793 1159; x_wconf 85' lang='lat' dir='ltr'>lignandi</span> <span class='ocrx_word' id='word_1_94' title='bbox 1832 1095 1929 1142; x_wconf 90' lang='lat' dir='ltr'>aut</span> 
     </span>
     <span class='ocr_line' id='line_1_14' title="bbox 187 1158 1930 1251; baseline 0 -31"><span class='ocrx_word' id='word_1_95' title='bbox 187 1163 359 1220; x_wconf 81' lang='lat' dir='ltr'>etiam</span> <span class='ocrx_word' id='word_1_96' title='bbox 410 1159 691 1217; x_wconf 83' lang='lat' dir='ltr'>muniendi</span> <span class='ocrx_word' id='word_1_97' title='bbox 738 1158 916 1236; x_wconf 86' lang='lat' dir='ltr'>gratia</span> <span class='ocrx_word' id='word_1_98' title='bbox 957 1158 1163 1216; x_wconf 87' lang='lat' dir='ltr'>vallum</span> <span class='ocrx_word' id='word_1_99' title='bbox 1213 1159 1505 1238; x_wconf 87' lang='lat' dir='ltr'>petierant,</span> <span class='ocrx_word' id='word_1_100' title='bbox 1563 1180 1802 1251; x_wconf 87' lang='lat' dir='ltr'>quaeque</span> <span class='ocrx_word' id='word_1_101' title='bbox 1856 1162 1930 1220; x_wconf 87' lang='lat' dir='ltr'>ad</span> 
     </span>
     <span class='ocr_line' id='line_1_15' title="bbox 185 1237 1949 1314; baseline 0 -16"><span class='ocrx_word' id='word_1_102' title='bbox 185 1240 426 1298; x_wconf 81' lang='lat' dir='ltr'>eandem</span> <span class='ocrx_word' id='word_1_103' title='bbox 454 1258 568 1295; x_wconf 87' lang='lat' dir='ltr'>rem</span> <span class='ocrx_word' id='word_1_104' title='bbox 598 1257 737 1314; x_wconf 88' lang='lat' dir='ltr'>opus</span> <span class='ocrx_word' id='word_1_105' title='bbox 765 1252 938 1304; x_wconf 89' lang='lat' dir='ltr'>erant,</span> <span class='ocrx_word' id='word_1_106' title='bbox 979 1256 1173 1295; x_wconf 88' lang='lat' dir='ltr'>omnes</span> <span class='ocrx_word' id='word_1_107' title='bbox 1198 1237 1341 1295; x_wconf 82' lang='lat' dir='ltr'>intra</span> <span class='ocrx_word' id='word_1_108' title='bbox 1382 1238 1711 1297; x_wconf 86' lang='lat' dir='ltr'>munitiones</span> <span class='ocrx_word' id='word_1_109' title='bbox 1749 1240 1949 1298; x_wconf 86' lang='lat' dir='ltr'>minu··</span> 
     </span>
     <span class='ocr_line' id='line_1_16' title="bbox 192 1315 1929 1396; baseline -0.001 -18"><span class='ocrx_word' id='word_1_110' title='bbox 192 1320 354 1378; x_wconf 85' lang='lat' dir='ltr'>tatim</span> <span class='ocrx_word' id='word_1_111' title='bbox 384 1316 730 1395; x_wconf 72' lang='lat' dir='ltr'>modesteque</span> <span class='ocrx_word' id='word_1_112' title='bbox 758 1317 868 1374; x_wconf 79' lang='lat' dir='ltr'>sxne</span> <span class='ocrx_word' id='word_1_113' title='bbox 911 1318 1149 1375; x_wconf 85' lang='lat' dir='ltr'>tumultu</span> <span class='ocrx_word' id='word_1_114' title='bbox 1192 1330 1288 1375; x_wconf 90' lang='lat' dir='ltr'>aut</span> <span class='ocrx_word' id='word_1_115' title='bbox 1332 1315 1534 1376; x_wconf 84' lang='lat' dir='ltr'>terrore</span> <span class='ocrx_word' id='word_1_116' title='bbox 1576 1318 1627 1375; x_wconf 93' lang='lat' dir='ltr'>se</span> <span class='ocrx_word' id='word_1_117' title='bbox 1666 1320 1929 1396; x_wconf 81' lang='lat' dir='ltr'>recipere,</span> 
     </span>
     <span class='ocr_line' id='line_1_17' title="bbox 186 1395 1934 1477; baseline -0.001 -20"><span class='ocrx_word' id='word_1_118' title='bbox 186 1413 364 1477; x_wconf 81' lang='lat' dir='ltr'>atque</span> <span class='ocrx_word' id='word_1_119' title='bbox 392 1398 452 1454; x_wconf 89' lang='lat' dir='ltr'>in</span> <span class='ocrx_word' id='word_1_120' title='bbox 477 1415 642 1473; x_wconf 89' lang='lat' dir='ltr'>opere</span> <span class='ocrx_word' id='word_1_121' title='bbox 671 1396 987 1462; x_wconf 69' lang='lat' dir='ltr'>consistere,</span> <span class='ocrx_word' id='word_1_122' title='bbox 1028 1395 1307 1475; x_wconf 81' lang='lat' dir='ltr'>equitibus</span> <span class='ocrx_word' id='word_1_123' title='bbox 1349 1412 1554 1464; x_wconf 88' lang='lat' dir='ltr'>autem,</span> <span class='ocrx_word' id='word_1_124' title='bbox 1594 1398 1692 1476; x_wconf 89' lang='lat' dir='ltr'>qui</span> <span class='ocrx_word' id='word_1_125' title='bbox 1737 1398 1794 1455; x_wconf 89' lang='lat' dir='ltr'>in</span> <span class='ocrx_word' id='word_1_126' title='bbox 1832 1399 1934 1457; x_wconf 80' lang='lat' dir='ltr'>sta·-</span> 
     </span>
     <span class='ocr_line' id='line_1_18' title="bbox 187 1474 1932 1556; baseline 0 -20"><span class='ocrx_word' id='word_1_127' title='bbox 187 1479 348 1536; x_wconf 68' lang='lat' dir='ltr'>tione</span> <span class='ocrx_word' id='word_1_128' title='bbox 367 1476 614 1541; x_wconf 88' lang='lat' dir='ltr'>fuerant,</span> <span class='ocrx_word' id='word_1_129' title='bbox 657 1475 927 1552; x_wconf 72' lang='lat' dir='ltr'>praecipit,</span> <span class='ocrx_word' id='word_1_130' title='bbox 969 1477 1222 1554; x_wconf 89' lang='lat' dir='ltr'>utusque</span> <span class='ocrx_word' id='word_1_131' title='bbox 1257 1493 1325 1532; x_wconf 90' lang='lat' dir='ltr'>eo</span> <span class='ocrx_word' id='word_1_132' title='bbox 1365 1476 1550 1534; x_wconf 84' lang='lat' dir='ltr'>locum</span> <span class='ocrx_word' id='word_1_133' title='bbox 1598 1474 1932 1556; x_wconf 82' lang='lat' dir='ltr'>obtinerent,</span> 
     </span>
     <span class='ocr_line' id='line_1_19' title="bbox 191 1543 1930 1633; baseline 0 -19"><span class='ocrx_word' id='word_1_134' title='bbox 191 1556 252 1614; x_wconf 88' lang='lat' dir='ltr'>in</span> <span class='ocrx_word' id='word_1_135' title='bbox 282 1574 396 1633; x_wconf 87' lang='lat' dir='ltr'>quo</span> <span class='ocrx_word' id='word_1_136' title='bbox 423 1554 617 1632; x_wconf 77' lang='lat' dir='ltr'>paullo</span> <span class='ocrx_word' id='word_1_137' title='bbox 645 1555 772 1610; x_wconf 74' lang='lat' dir='ltr'>ante</span> <span class='ocrx_word' id='word_1_138' title='bbox 798 1553 1163 1621; x_wconf 76' lang='lat' dir='ltr'>constitissent,</span> <span class='ocrx_word' id='word_1_139' title='bbox 1204 1553 1380 1612; x_wconf 87' lang='lat' dir='ltr'>donec</span> <span class='ocrx_word' id='word_1_140' title='bbox 1407 1554 1477 1612; x_wconf 87' lang='lat' dir='ltr'>ab</span> <span class='ocrx_word' id='word_1_141' title='bbox 1525 1556 1673 1614; x_wconf 88' lang='lat' dir='ltr'>hoste</span> <span class='ocrx_word' id='word_1_142' title='bbox 1715 1543 1930 1615; x_wconf 72' lang='lat' dir='ltr'>miffim‘n</span> 
     </span>
     <span class='ocr_line' id='line_1_20' title="bbox 195 1633 1934 1730; baseline -0.002 -36"><span class='ocrx_word' id='word_1_143' title='bbox 195 1636 373 1694; x_wconf 84' lang='lat' dir='ltr'>telum</span> <span class='ocrx_word' id='word_1_144' title='bbox 419 1634 490 1690; x_wconf 90' lang='lat' dir='ltr'>ad</span> <span class='ocrx_word' id='word_1_145' title='bbox 532 1633 582 1692; x_wconf 87' lang='lat' dir='ltr'>se</span> <span class='ocrx_word' id='word_1_146' title='bbox 636 1634 982 1708; x_wconf 88' lang='lat' dir='ltr'>perveniret;</span> <span class='ocrx_word' id='word_1_147' title='bbox 998 1633 1209 1730; x_wconf 73' lang='lat' dir='ltr'>quod</span> <span class='ocrx_word' id='word_1_148' title='bbox 1229 1633 1269 1691; x_wconf 87' lang='lat' dir='ltr'><strong>fi</strong></span> <span class='ocrx_word' id='word_1_149' title='bbox 1305 1633 1537 1711; x_wconf 77' lang='lat' dir='ltr'>propius</span> <span class='ocrx_word' id='word_1_150' title='bbox 1566 1636 1934 1716; x_wconf 81' lang='lat' dir='ltr'>accederetur,</span> 
     </span>
     <span class='ocr_line' id='line_1_21' title="bbox 195 1710 1937 1794; baseline 0 -23"><span class='ocrx_word' id='word_1_151' title='bbox 195 1733 370 1794; x_wconf 86' lang='lat' dir='ltr'>quam</span> <span class='ocrx_word' id='word_1_152' title='bbox 400 1710 755 1780; x_wconf 74' lang='lat' dir='ltr'>honestiffime</span> <span class='ocrx_word' id='word_1_153' title='bbox 792 1712 842 1770; x_wconf 88' lang='lat' dir='ltr'>se</span> <span class='ocrx_word' id='word_1_154' title='bbox 883 1710 1028 1770; x_wconf 87' lang='lat' dir='ltr'>intra</span> <span class='ocrx_word' id='word_1_155' title='bbox 1054 1711 1387 1770; x_wconf 83' lang='lat' dir='ltr'>munitiones</span> <span class='ocrx_word' id='word_1_156' title='bbox 1416 1713 1737 1789; x_wconf 86' lang='lat' dir='ltr'>reciperent.</span> <span class='ocrx_word' id='word_1_157' title='bbox 1820 1715 1937 1773; x_wconf 88' lang='lat' dir='ltr'>Alii</span> 
     </span>
     <span class='ocr_line' id='line_1_22' title="bbox 194 1789 1935 1889; baseline 0.001 -39"><span class='ocrx_word' id='word_1_158' title='bbox 194 1810 427 1889; x_wconf 89' lang='lat' dir='ltr'>quoque</span> <span class='ocrx_word' id='word_1_159' title='bbox 479 1791 745 1870; x_wconf 86' lang='lat' dir='ltr'>equitatui</span> <span class='ocrx_word' id='word_1_160' title='bbox 786 1790 973 1860; x_wconf 86' lang='lat' dir='ltr'>edicit,</span> <span class='ocrx_word' id='word_1_161' title='bbox 1015 1789 1098 1848; x_wconf 70' lang='lat' dir='ltr'>uti</span> <span class='ocrx_word' id='word_1_162' title='bbox 1143 1791 1240 1852; x_wconf 88' lang='lat' dir='ltr'>suo</span> <span class='ocrx_word' id='word_1_163' title='bbox 1282 1790 1509 1870; x_wconf 87' lang='lat' dir='ltr'>quisque</span> <span class='ocrx_word' id='word_1_164' title='bbox 1552 1792 1676 1850; x_wconf 88' lang='lat' dir='ltr'>loco</span> <span class='ocrx_word' id='word_1_165' title='bbox 1718 1807 1935 1883; x_wconf 76' lang='lat' dir='ltr'>paratus</span> 
     </span>
     <span class='ocr_line' id='line_1_23' title="bbox 198 1870 1937 1948; baseline 0 -18"><span class='ocrx_word' id='word_1_166' title='bbox 198 1870 558 1948; x_wconf 86' lang='lat' dir='ltr'>armatusque</span> <span class='ocrx_word' id='word_1_167' title='bbox 577 1871 771 1948; x_wconf 75' lang='lat' dir='ltr'>praesto</span> <span class='ocrx_word' id='word_1_168' title='bbox 801 1870 946 1930; x_wconf 78' lang='lat' dir='ltr'>effer.</span> <span class='ocrx_word' id='word_1_169' title='bbox 1028 1874 1110 1930; x_wconf 87' lang='lat' dir='ltr'>At</span> <span class='ocrx_word' id='word_1_170' title='bbox 1154 1870 1271 1927; x_wconf 87' lang='lat' dir='ltr'>haec</span> <span class='ocrx_word' id='word_1_171' title='bbox 1318 1891 1432 1928; x_wconf 91' lang='lat' dir='ltr'>non</span> <span class='ocrx_word' id='word_1_172' title='bbox 1476 1871 1535 1948; x_wconf 86' lang='lat' dir='ltr'>ip</span> <span class='ocrx_word' id='word_1_173' title='bbox 1540 1870 1587 1929; x_wconf 89' lang='lat' dir='ltr'>se</span> <span class='ocrx_word' id='word_1_174' title='bbox 1629 1892 1724 1947; x_wconf 86' lang='lat' dir='ltr'>per</span> <span class='ocrx_word' id='word_1_175' title='bbox 1765 1872 1815 1929; x_wconf 89' lang='lat' dir='ltr'>se</span> <span class='ocrx_word' id='word_1_176' title='bbox 1843 1878 1937 1930; x_wconf 80' lang='lat' dir='ltr'>co‘·</span> 
     </span>
     <span class='ocr_line' id='line_1_24' title="bbox 198 1893 1942 2045; baseline -0.001 -35"><span class='ocrx_word' id='word_1_177' title='bbox 198 1972 342 2022; x_wconf 83' lang='lat' dir='ltr'>ram,</span> <span class='ocrx_word' id='word_1_178' title='bbox 371 1970 559 2045; x_wconf 89' lang='lat' dir='ltr'>quum</span> <span class='ocrx_word' id='word_1_179' title='bbox 588 1949 657 2007; x_wconf 90' lang='lat' dir='ltr'>de</span> <span class='ocrx_word' id='word_1_180' title='bbox 683 1950 829 2007; x_wconf 83' lang='lat' dir='ltr'>vallo</span> <span class='ocrx_word' id='word_1_181' title='bbox 857 1949 1337 2041; x_wconf 83' lang='lat' dir='ltr'>perspecularetur,</span> <span class='ocrx_word' id='word_1_182' title='bbox 1381 1949 1489 2017; x_wconf 90' lang='lat' dir='ltr'>sed,</span> <span class='ocrx_word' id='word_1_183' title='bbox 1500 1893 1768 2008; x_wconf 77' lang='lat' dir='ltr'>pmirabili</span> <span class='ocrx_word' id='word_1_184' title='bbox 1795 1954 1942 2027; x_wconf 86' lang='lat' dir='ltr'>peri-</span> 
     </span>
     <span class='ocr_line' id='line_1_25' title="bbox 203 2026 1942 2106; baseline -0.001 -16"><span class='ocrx_word' id='word_1_185' title='bbox 203 2045 294 2090; x_wconf 87' lang='lat' dir='ltr'>tus</span> <span class='ocrx_word' id='word_1_186' title='bbox 320 2028 541 2087; x_wconf 86' lang='lat' dir='ltr'>scientia</span> <span class='ocrx_word' id='word_1_187' title='bbox 570 2029 829 2096; x_wconf 84' lang='lat' dir='ltr'>bellandi,</span> <span class='ocrx_word' id='word_1_188' title='bbox 871 2030 929 2086; x_wconf 88' lang='lat' dir='ltr'>in</span> <span class='ocrx_word' id='word_1_189' title='bbox 959 2029 1216 2106; x_wconf 79' lang='lat' dir='ltr'>praetorio</span> <span class='ocrx_word' id='word_1_190' title='bbox 1258 2026 1463 2094; x_wconf 76' lang='lat' dir='ltr'>sedenS,</span> <span class='ocrx_word' id='word_1_191' title='bbox 1508 2047 1601 2104; x_wconf 81' lang='lat' dir='ltr'>per</span> <span class='ocrx_word' id='word_1_192' title='bbox 1641 2028 1942 2106; x_wconf 84' lang='lat' dir='ltr'>speculato·</span> 
     </span>
     <span class='ocr_line' id='line_1_26' title="bbox 201 2106 1938 2198; baseline -0.001 -31"><span class='ocrx_word' id='word_1_193' title='bbox 201 2129 291 2168; x_wconf 82' lang='lat' dir='ltr'>res</span> <span class='ocrx_word' id='word_1_194' title='bbox 320 2113 368 2166; x_wconf 75' lang='grc' dir='ltr'>δι</span> <span class='ocrx_word' id='word_1_195' title='bbox 401 2108 626 2166; x_wconf 86' lang='lat' dir='ltr'>nuncios</span> <span class='ocrx_word' id='word_1_196' title='bbox 653 2107 979 2184; x_wconf 88' lang='lat' dir='ltr'>imperabat,</span> <span class='ocrx_word' id='word_1_197' title='bbox 1021 2127 1150 2185; x_wconf 87' lang='lat' dir='ltr'>quae</span> <span class='ocrx_word' id='word_1_198' title='bbox 1191 2106 1305 2163; x_wconf 87' lang='lat' dir='ltr'>fieri</span> <span class='ocrx_word' id='word_1_199' title='bbox 1348 2106 1584 2164; x_wconf 87' lang='lat' dir='ltr'>volebat.</span> <span class='ocrx_word' id='word_1_200' title='bbox 1664 2107 1938 2198; x_wconf 34' lang='lat' dir='ltr'>‘Animad-</span> 
     </span>
     <span class='ocr_line' id='line_1_27' title="bbox 200 2185 1946 2281; baseline -0.001 -35"><span class='ocrx_word' id='word_1_201' title='bbox 200 2188 449 2247; x_wconf 89' lang='lat' dir='ltr'>vertebat</span> <span class='ocrx_word' id='word_1_202' title='bbox 475 2185 644 2255; x_wconf 87' lang='lat' dir='ltr'>enim,</span> <span class='ocrx_word' id='word_1_203' title='bbox 686 2206 1025 2281; x_wconf 88' lang='lat' dir='ltr'>quamquam</span> <span class='ocrx_word' id='word_1_204' title='bbox 1053 2185 1267 2275; x_wconf 81' lang='lat' dir='ltr'>magnis</span> <span class='ocrx_word' id='word_1_205' title='bbox 1319 2185 1485 2243; x_wconf 82' lang='lat' dir='ltr'>essent</span> <span class='ocrx_word' id='word_1_206' title='bbox 1529 2185 1704 2261; x_wconf 84' lang='lat' dir='ltr'>copiis</span> <span class='ocrx_word' id='word_1_207' title='bbox 1750 2187 1946 2245; x_wconf 88' lang='lat' dir='ltr'>adver-</span> 
     </span>
     <span class='ocr_line' id='line_1_28' title="bbox 205 2264 1947 2347; baseline 0 -22"><span class='ocrx_word' id='word_1_208' title='bbox 205 2267 328 2327; x_wconf 81' lang='lat' dir='ltr'>sarii</span> <span class='ocrx_word' id='word_1_209' title='bbox 356 2265 522 2331; x_wconf 76' lang='lat' dir='ltr'>freti3</span> <span class='ocrx_word' id='word_1_210' title='bbox 559 2279 741 2327; x_wconf 85' lang='lat' dir='ltr'>tamen</span> <span class='ocrx_word' id='word_1_211' title='bbox 769 2265 961 2342; x_wconf 78' lang='lat' dir='ltr'>saepe</span> <span class='ocrx_word' id='word_1_212' title='bbox 934 2285 969 2322; x_wconf 92' lang='lat' dir='ltr'>a</span> <span class='ocrx_word' id='word_1_213' title='bbox 996 2265 1044 2322; x_wconf 92' lang='lat' dir='ltr'>se</span> <span class='ocrx_word' id='word_1_214' title='bbox 1071 2264 1294 2347; x_wconf 82' lang='lat' dir='ltr'>fugatis,</span> <span class='ocrx_word' id='word_1_215' title='bbox 1313 2264 1496 2340; x_wconf 73' lang='lat' dir='ltr'>pulsis,</span> <span class='ocrx_word' id='word_1_216' title='bbox 1520 2264 1947 2343; x_wconf 83' lang='lat' dir='ltr'>perterritisque,</span> 
     </span>
     <span class='ocr_line' id='line_1_29' title="bbox 205 2344 1949 2438; baseline -0.001 -34"><span class='ocrx_word' id='word_1_217' title='bbox 205 2352 263 2404; x_wconf 83' lang='lat'>&amp;</span> <span class='ocrx_word' id='word_1_218' title='bbox 310 2345 611 2403; x_wconf 83' lang='lat' dir='ltr'>conceffam</span> <span class='ocrx_word' id='word_1_219' title='bbox 661 2347 829 2403; x_wconf 85' lang='lat' dir='ltr'>vitam</span> <span class='ocrx_word' id='word_1_220' title='bbox 875 2350 926 2401; x_wconf 85' lang='lat'>&amp;</span> <span class='ocrx_word' id='word_1_221' title='bbox 972 2344 1169 2421; x_wconf 88' lang='lat' dir='ltr'>ignota</span> <span class='ocrx_word' id='word_1_222' title='bbox 1210 2358 1470 2419; x_wconf 88' lang='lat' dir='ltr'>peccata·</span> <span class='ocrx_word' id='word_1_223' title='bbox 1537 2344 1740 2438; x_wconf 87' lang='lat' dir='ltr'>quibus</span> <span class='ocrx_word' id='word_1_224' title='bbox 1786 2345 1949 2403; x_wconf 76' lang='lat' dir='ltr'>rebus</span> 
     </span>
     <span class='ocr_line' id='line_1_30' title="bbox 209 2421 1955 2502; baseline -0.001 -18"><span class='ocrx_word' id='word_1_225' title='bbox 209 2445 519 2502; x_wconf 83' lang='lat' dir='ltr'>numquam</span> <span class='ocrx_word' id='word_1_226' title='bbox 550 2438 703 2482; x_wconf 84' lang='lat' dir='ltr'>tanta</span> <span class='ocrx_word' id='word_1_227' title='bbox 727 2424 1055 2501; x_wconf 87' lang='lat' dir='ltr'>suppeteret,</span> <span class='ocrx_word' id='word_1_228' title='bbox 1100 2443 1169 2480; x_wconf 87' lang='lat' dir='ltr'>ex</span> <span class='ocrx_word' id='word_1_229' title='bbox 1213 2421 1452 2499; x_wconf 87' lang='lat' dir='ltr'>ipsorum</span> <span class='ocrx_word' id='word_1_230' title='bbox 1500 2421 1697 2480; x_wconf 85' lang='lat' dir='ltr'>inertia</span> <span class='ocrx_word' id='word_1_231' title='bbox 1748 2422 1955 2482; x_wconf 88' lang='lat' dir='ltr'>consci-</span> 
     </span>
     <span class='ocr_line' id='line_1_31' title="bbox 201 2501 1947 2582; baseline -0.002 -19"><span class='ocrx_word' id='word_1_232' title='bbox 201 2503 474 2582; x_wconf 83' lang='lat' dir='ltr'>entiaque</span> <span class='ocrx_word' id='word_1_233' title='bbox 524 2504 717 2569; x_wconf 86' lang='lat' dir='ltr'>animi,</span> <span class='ocrx_word' id='word_1_234' title='bbox 759 2503 1022 2562; x_wconf 65' lang='grc' dir='ltr'>νίἑὶοιῐε</span> <span class='ocrx_word' id='word_1_235' title='bbox 1042 2501 1262 2569; x_wconf 83' lang='lat' dir='ltr'>fiducia,</span> <span class='ocrx_word' id='word_1_236' title='bbox 1300 2516 1358 2559; x_wconf 90' lang='lat' dir='ltr'>ut</span> <span class='ocrx_word' id='word_1_237' title='bbox 1401 2502 1564 2558; x_wconf 87' lang='lat' dir='ltr'>castra</span> <span class='ocrx_word' id='word_1_238' title='bbox 1607 2501 1698 2559; x_wconf 89' lang='lat' dir='ltr'>sua</span> <span class='ocrx_word' id='word_1_239' title='bbox 1745 2502 1947 2560; x_wconf 87' lang='lat' dir='ltr'>adoriri</span> 
     </span>
     <span class='ocr_line' id='line_1_32' title="bbox 212 2579 1958 2678; baseline 0 -37"><span class='ocrx_word' id='word_1_240' title='bbox 212 2584 500 2642; x_wconf 85' lang='lat' dir='ltr'>auderent.</span> <span class='ocrx_word' id='word_1_241' title='bbox 580 2582 845 2640; x_wconf 84' lang='lat' dir='ltr'>Praeterea</span> <span class='ocrx_word' id='word_1_242' title='bbox 870 2581 1032 2678; x_wconf 72' lang='lat' dir='ltr'>ipsius</span> <span class='ocrx_word' id='word_1_243' title='bbox 1061 2600 1265 2638; x_wconf 88' lang='lat' dir='ltr'>nomen</span> <span class='ocrx_word' id='word_1_244' title='bbox 1293 2579 1708 2659; x_wconf 69' lang='lat' dir='ltr'>auctoritasque,</span> <span class='ocrx_word' id='word_1_245' title='bbox 1749 2601 1958 2659; x_wconf 84' lang='lat' dir='ltr'>magna</span> 
     </span>
     <span class='ocr_line' id='line_1_33' title="bbox 213 2659 2009 2739; baseline 0 -19"><span class='ocrx_word' id='word_1_246' title='bbox 213 2682 289 2721; x_wconf 83' lang='lat' dir='ltr'>ex</span> <span class='ocrx_word' id='word_1_247' title='bbox 339 2676 513 2739; x_wconf 84' lang='lat' dir='ltr'>parte,</span> <span class='ocrx_word' id='word_1_248' title='bbox 547 2680 737 2719; x_wconf 88' lang='lat' dir='ltr'>eorum</span> <span class='ocrx_word' id='word_1_249' title='bbox 783 2661 1049 2718; x_wconf 84' lang='lat' dir='ltr'>exercitus</span> <span class='ocrx_word' id='word_1_250' title='bbox 1102 2659 1387 2718; x_wconf 88' lang='lat' dir='ltr'>minuebat</span> <span class='ocrx_word' id='word_1_251' title='bbox 1411 2660 1716 2717; x_wconf 86' lang='lat' dir='ltr'>audaciam.</span> <span class='ocrx_word' id='word_1_252' title='bbox 1798 2661 1955 2720; x_wconf 88' lang='lat' dir='ltr'>Tum</span> <span class='ocrx_word' id='word_1_253' title='bbox 2006 2702 2009 2705; x_wconf 21' lang='grc' dir='ltr'><strong>Δ</strong></span> 
     </span>
     <span class='ocr_line' id='line_1_34' title="bbox 207 2736 2027 2830; baseline 0 -30"><span class='ocrx_word' id='word_1_254' title='bbox 207 2741 454 2820; x_wconf 71' lang='lat' dir='ltr'>egregiae</span> <span class='ocrx_word' id='word_1_255' title='bbox 498 2741 833 2798; x_wconf 82' lang='lat' dir='ltr'>munitiones</span> <span class='ocrx_word' id='word_1_256' title='bbox 873 2740 1186 2805; x_wconf 85' lang='lat' dir='ltr'>castrorum,</span> <span class='ocrx_word' id='word_1_257' title='bbox 1230 2736 1281 2796; x_wconf 70' lang='lat' dir='ltr'>si:</span> <span class='ocrx_word' id='word_1_258' title='bbox 1328 2738 1454 2796; x_wconf 75' lang='lat' dir='ltr'>vassi</span> <span class='ocrx_word' id='word_1_259' title='bbox 1487 2739 1847 2830; x_wconf 80' lang='lat' dir='ltr'>fossarumque</span> <span class='ocrx_word' id='word_1_260' title='bbox 1875 2740 1955 2797; x_wconf 88' lang='lat' dir='ltr'>al·</span> <span class='ocrx_word' id='word_1_261' title='bbox 2021 2792 2027 2800; x_wconf 90' lang='lat'>.</span> 
     </span>
     <span class='ocr_line' id='line_1_35' title="bbox 213 2816 1953 2892; baseline -0.002 -12"><span class='ocrx_word' id='word_1_262' title='bbox 213 2823 418 2889; x_wconf 86' lang='lat' dir='ltr'>titud0,</span> <span class='ocrx_word' id='word_1_263' title='bbox 457 2824 507 2876; x_wconf 89' lang='lat'>&amp;</span> <span class='ocrx_word' id='word_1_264' title='bbox 554 2831 716 2878; x_wconf 85' lang='lat' dir='ltr'>extra</span> <span class='ocrx_word' id='word_1_265' title='bbox 752 2816 958 2876; x_wconf 81' lang='lat' dir='ltr'>vallum</span> <span class='ocrx_word' id='word_1_266' title='bbox 988 2817 1108 2892; x_wconf 84' lang='lat' dir='ltr'>styli</span> <span class='ocrx_word' id='word_1_267' title='bbox 1134 2819 1266 2875; x_wconf 81' lang='lat' dir='ltr'>caeci</span> <span class='ocrx_word' id='word_1_268' title='bbox 1307 2816 1655 2875; x_wconf 86' lang='lat' dir='ltr'>mirabilem</span> <span class='ocrx_word' id='word_1_269' title='bbox 1639 2838 1695 2875; x_wconf 90' lang='grc' dir='ltr'>ιιι</span> <span class='ocrx_word' id='word_1_270' title='bbox 1725 2817 1953 2877; x_wconf 88' lang='lat' dir='ltr'>modum</span> 
     </span>
     <span class='ocr_line' id='line_1_36' title="bbox 213 2893 1958 2974; baseline -0.003 -16"><span class='ocrx_word' id='word_1_271' title='bbox 213 2898 429 2966; x_wconf 74' lang='lat' dir='ltr'>consiti,</span> <span class='ocrx_word' id='word_1_272' title='bbox 466 2899 552 2955; x_wconf 88' lang='lat' dir='ltr'>vel</span> <span class='ocrx_word' id='word_1_273' title='bbox 597 2899 708 2956; x_wconf 82' lang='lat' dir='ltr'>fine</span> <span class='ocrx_word' id='word_1_274' title='bbox 745 2896 1118 2955; x_wconf 86' lang='lat' dir='ltr'>defensoribus</span> <span class='ocrx_word' id='word_1_275' title='bbox 1164 2896 1374 2954; x_wconf 88' lang='lat' dir='ltr'>aditum</span> <span class='ocrx_word' id='word_1_276' title='bbox 1419 2893 1725 2954; x_wconf 85' lang='lat' dir='ltr'>adversariis</span> <span class='ocrx_word' id='word_1_277' title='bbox 1767 2898 1958 2974; x_wconf 83' lang='lat' dir='ltr'>prohi-</span> 
     </span>
     <span class='ocr_line' id='line_1_37' title="bbox 215 2976 1957 3054; baseline -0.001 -18"><span class='ocrx_word' id='word_1_278' title='bbox 215 2977 446 3036; x_wconf 85' lang='lat' dir='ltr'>bebant.</span> <span class='ocrx_word' id='word_1_279' title='bbox 530 2977 914 3054; x_wconf 86' lang='lat' dir='ltr'>Scorpionum,</span> <span class='ocrx_word' id='word_1_280' title='bbox 957 2976 1377 3053; x_wconf 74' lang='lat' dir='ltr'>catapuharum,</span> <span class='ocrx_word' id='word_1_281' title='bbox 1415 2976 1846 3054; x_wconf 74' lang='lat' dir='ltr'>caeterorumque</span> <span class='ocrx_word' id='word_1_282' title='bbox 1875 2992 1957 3035; x_wconf 89' lang='lat' dir='ltr'>te-</span> 
     </span>
     <span class='ocr_line' id='line_1_38' title="bbox 210 3054 1957 3149; baseline -0.001 -34"><span class='ocrx_word' id='word_1_283' title='bbox 210 3057 420 3149; x_wconf 77' lang='lat' dir='ltr'>lorum,</span> <span class='ocrx_word' id='word_1_284' title='bbox 460 3076 587 3133; x_wconf 84' lang='lat' dir='ltr'>quae</span> <span class='ocrx_word' id='word_1_285' title='bbox 613 3056 683 3114; x_wconf 92' lang='lat' dir='ltr'>ad</span> <span class='ocrx_word' id='word_1_286' title='bbox 710 3055 1119 3113; x_wconf 88' lang='lat' dir='ltr'>defendendum</span> <span class='ocrx_word' id='word_1_287' title='bbox 1148 3054 1319 3111; x_wconf 89' lang='lat' dir='ltr'>solent</span> <span class='ocrx_word' id='word_1_288' title='bbox 1347 3056 1546 3131; x_wconf 86' lang='lat' dir='ltr'>parari,</span> <span class='ocrx_word' id='word_1_289' title='bbox 1575 3075 1834 3133; x_wconf 86' lang='lat' dir='ltr'>magnam</span> <span class='ocrx_word' id='word_1_290' title='bbox 1860 3073 1957 3113; x_wconf 89' lang='lat' dir='ltr'>co·-</span> 
     </span>
     <span class='ocr_line' id='line_1_39' title="bbox 203 3134 1958 3225; baseline -0.002 -30.986"><span class='ocrx_word' id='word_1_291' title='bbox 203 3138 368 3214; x_wconf 88' lang='lat' dir='ltr'>piam</span> <span class='ocrx_word' id='word_1_292' title='bbox 400 3135 660 3192; x_wconf 82' lang='lat' dir='ltr'>habebat.</span> <span class='ocrx_word' id='word_1_293' title='bbox 716 3137 935 3212; x_wconf 88' lang='lat' dir='ltr'>Atque</span> <span class='ocrx_word' id='word_1_294' title='bbox 953 3134 1101 3225; x_wconf 37' lang='lat' dir='ltr'>‘haec,</span> <span class='ocrx_word' id='word_1_295' title='bbox 1145 3148 1370 3210; x_wconf 86' lang='lat' dir='ltr'>propter</span> <span class='ocrx_word' id='word_1_296' title='bbox 1395 3135 1662 3191; x_wconf 81' lang='lat' dir='ltr'>exercitus</span> <span class='ocrx_word' id='word_1_297' title='bbox 1709 3135 1784 3192; x_wconf 88' lang='lat' dir='ltr'>sui</span> <span class='ocrx_word' id='word_1_298' title='bbox 1815 3153 1958 3210; x_wconf 80' lang='lat' dir='ltr'>prae-</span> 
     </span>
     <span class='ocr_line' id='line_1_40' title="bbox 211 3213 1958 3288; baseline -0.002 -14"><span class='ocrx_word' id='word_1_299' title='bbox 211 3215 379 3274; x_wconf 88' lang='lat' dir='ltr'>sentis</span> <span class='ocrx_word' id='word_1_300' title='bbox 433 3216 762 3288; x_wconf 86' lang='lat' dir='ltr'>paucitatem</span> <span class='ocrx_word' id='word_1_301' title='bbox 821 3219 873 3270; x_wconf 77' lang='grc' dir='ltr'>δε</span> <span class='ocrx_word' id='word_1_302' title='bbox 927 3213 1262 3277; x_wconf 86' lang='lat' dir='ltr'>tirocinium,</span> <span class='ocrx_word' id='word_1_303' title='bbox 1327 3228 1769 3288; x_wconf 81' lang='lat' dir='ltr'>praeparaverat3</span> <span class='ocrx_word' id='word_1_304' title='bbox 1844 3231 1958 3271; x_wconf 80' lang='lat' dir='ltr'>nou</span> 
     </span>
     <span class='ocr_line' id='line_1_41' title="bbox 208 3291 1964 3369; baseline -0.005 -13"><span class='ocrx_word' id='word_1_305' title='bbox 208 3293 455 3356; x_wconf 79' lang='lat' dir='ltr'>hostium</span> <span class='ocrx_word' id='word_1_306' title='bbox 509 3296 561 3351; x_wconf 84' lang='lat' dir='ltr'>vi</span> <span class='ocrx_word' id='word_1_307' title='bbox 612 3299 665 3353; x_wconf 82' lang='lat'>&amp;</span> <span class='ocrx_word' id='word_1_308' title='bbox 691 3307 843 3354; x_wconf 84' lang='lat' dir='ltr'>metu</span> <span class='ocrx_word' id='word_1_309' title='bbox 887 3304 1199 3353; x_wconf 84' lang='lat' dir='ltr'>commotus</span> <span class='ocrx_word' id='word_1_310' title='bbox 1247 3292 1550 3369; x_wconf 85' lang='lat' dir='ltr'>patientem</span> <span class='ocrx_word' id='word_1_311' title='bbox 1575 3292 1630 3354; x_wconf 83' lang='lat' dir='ltr'>se</span> <span class='ocrx_word' id='word_1_312' title='bbox 1677 3291 1964 3354; x_wconf 72' lang='lat' dir='ltr'>timidum·</span> 
     </span>
    </p>
   </div>
   <div class='ocr_carea' id='block_1_3' title="bbox 1899 3358 1973 3441">
    <p class='ocr_par' dir='ltr' id='par_1_3' title="bbox 1899 3358 1973 3441">
     <span class='ocr_line' id='line_1_42' title="bbox 1899 3358 1973 3441; baseline 0.059 -10"><span class='ocrx_word' id='word_1_313' title='bbox 1899 3358 1973 3441; x_wconf 65' lang='lat' dir='ltr'>de</span> 
     </span>
    </p>
   </div>
   <div class='ocr_carea' id='block_1_4' title="bbox 1804 3388 2095 3611">
    <p class='ocr_par' dir='ltr' id='par_1_4' title="bbox 1804 3388 2095 3611">
     <span class='ocr_line' id='line_1_43' title="bbox 1804 3388 2095 3611; baseline 0 -84"><span class='ocrx_word' id='word_1_314' title='bbox 1804 3388 2095 3611; x_wconf 55' lang='lat' dir='ltr'>J·-</span> 
     </span>
    </p>
   </div>
   <div class='ocr_carea' id='block_1_5' title="bbox 1830 3612 1869 3643">
    <p class='ocr_par' dir='ltr' id='par_1_5' title="bbox 1830 3612 1869 3643">
     <span class='ocr_line' id='line_1_44' title="bbox 1830 3612 1869 3643; baseline 0 0"><span class='ocrx_word' id='word_1_315' title='bbox 1830 3612 1869 3643; x_wconf 58' lang='lat'>22³*</span> 
     </span>
    </p>
   </div>
  </div>
 </body>
</html>
