2169 3766
444 127 537 178 nn
595 100 861 174 Bmo
915 99 1296 191 Gannico
1343 101 1529 175 Lm.
1585 101 1646 175 Ι.
1840 124 1933 198 27

207 224 316 284 Non
339 230 534 305 gffefas
561 221 1191 301 Germanosfiaeperare,st
1211 234 1333 306 arrte
1355 245 1552 283 novam
1579 224 1779 284 Lunam
1787 240 1939 304 prae·

208 306 276 363 lio
299 309 666 383 contendgfflnt.

278 386 430 444 XLI.
490 381 754 441 Postridie
806 379 923 457 ejus
967 379 1078 438 diei
1126 378 1327 448 Caesar,
1393 380 1645 460 praefidio
1697 383 1942 463 utrisque

210 465 378 522 castris
404 463 557 542 quod
585 461 710 520 satis
754 460 860 518 effe
900 458 1189 518 visumest
1228 461 1438 528 relicto,
1503 480 1697 520 omnes
1741 464 1940 527 alarios

211 540 263 600 in
289 543 576 620 conspeetu
623 541 857 598 hostium
904 557 1007 616 pro
1052 539 1232 596 castris
1275 540 1576 599 minoribus
1620 544 1936 613 constituit3
2015 578 2032 594 ι

210 621 371 699 (quod
401 623 587 681 minus
630 617 981 679 multitudine
1035 616 1276 676 militum
1316 619 1764 697 legionariorum,
1833 641 1937 700 pro

204 699 425 759 bostium
453 718 708 766 numero,
748 697 991 770 valebat)
1040 713 1103 754 ut
1148 698 1216 754 ad
1264 697 1496 773 speciem
1537 699 1716 758 alariis
1755 717 1938 760 utere-

205 794 321 838 tur:
358 780 494 858 ipse,
538 778 739 857 triplici
768 775 1023 835 instructa
1063 775 1202 845 acie,
1247 776 1414 853 usque
1454 779 1522 835 ad
1569 781 1736 837 castra
1773 776 1939 839 hosti-

204 878 291 916 um
343 860 571 917 acceffit.
682 858 839 914 Tum
890 856 1120 913 demum
1173 858 1464 914 necessario
1503 858 1776 917 Germani
1818 859 1939 919 suan

202 939 379 1016 copias
407 939 439 996 ὲ
468 937 646 997 castris
673 935 998 999 eduxerunt,
1058 933 1478 1014 generatimque
1503 937 1897 1005 constituerunt
1915 966 1935 1007 3

203 1019 523 1096 paribusque
574 1015 873 1074 intervallis
916 1013 1198 1081 HarudeS,
1239 1015 1650 1083 Marcomanos,
1695 1016 1937 1075 Triboc-

199 1115 306 1166 cos,
349 1098 695 1175 Vangiones,
738 1095 1026 1156 Nemetes,
1067 1091 1353 1160 Seducios,
1397 1095 1638 1153 Suevosz
1684 1094 1940 1155 omnem-

201 1197 303 1254 que
340 1178 520 1235 aciem
565 1176 712 1232 suam
760 1173 941 1230 rhedis
986 1177 1038 1228 δι
1078 1172 1244 1228 carris
1295 1173 1795 1243 circumdederunt,
1863 1194 1938 1235 ne

200 1275 304 1333 qua
328 1255 447 1333 spes
477 1256 535 1312 in
562 1252 700 1332 fuga
740 1252 1158 1329 relinqueretur.
1240 1249 1325 1309 Εό
1361 1254 1616 1311 mulieres
1655 1253 1937 1330 imposue-

201 1352 357 1403 runt;
400 1335 616 1413 quaein
642 1331 901 1410 proelium
951 1328 1347 1407 proficiscentes
1393 1333 1595 1390 milites
1634 1335 1789 1411 pastis
1828 1335 1937 1392 cri-

201 1414 352 1471 nibus
406 1417 603 1473 flentes
660 1409 1048 1488 implorabant,
1116 1428 1185 1467 ne
1237 1408 1290 1465 se
1317 1412 1400 1467 ‘in
1449 1412 1765 1471 servitutem
1817 1413 1936 1472 Ro-

197 1495 364 1552 manis
419 1494 720 1552 traderent.
811 1488 991 1548 Caesar
1044 1488 1272 1567 fingulis
1324 1489 1637 1569 legionibus
1689 1492 1935 1570 fingulos

197 1572 424 1651 legatos,
471 1578 523 1630 &
551 1571 875 1649 quaestorem
902 1563 1179 1645 praefecit3
1225 1566 1303 1626 uti
1331 1589 1422 1626 eos
1454 1573 1606 1628 testes
1631 1571 1737 1629 suae
1784 1571 1936 1649 quis-

197 1671 299 1729 que
328 1654 546 1710 virtutis
574 1648 819 1707 haberet.
905 1646 1026 1724 Ipse
1067 1645 1104 1705 a
1143 1647 1338 1704 dextro
1374 1666 1564 1718 cornu,
1607 1650 1759 1727 quod
1808 1670 1933 1710 eam

196 1747 398 1808 partem
461 1728 691 1788 minime
744 1728 956 1784 firmam
1008 1725 1242 1783 hostium
1295 1726 1398 1785 effe
1452 1730 1931 1798 animadverterat,

198 1811 453 1887 proelium
481 1807 773 1867 commisit.
857 1808 939 1863 Ita
985 1806 1145 1862 nostri
1189 1805 1381 1871 acriter
1427 1808 1482 1864 in
1526 1808 1721 1875 hostes»,
1777 1810 1937 1889 signo

193 1890 338 1958 dat0,
366 1893 647 1967 impetum
675 1887 952 1945 fecerunt:
997 1885 1183 1963 itaque
1212 1886 1382 1944 hostes
1407 1886 1635 1964 repente
1658 1889 1932 1947 celeriter·
1983 1927 1986 1928 ν

192 1989 295 2047 que
323 1983 737 2048 procurrerunt,
778 1982 837 2023 ut
861 1965 1095 2042 spatium
1122 1965 1237 2042 pila
1281 1967 1340 2022 in
1387 1966 1559 2025 hostes
1602 1967 1931 2043 conjiciendi
1981 1983 1994 2042 ἦ

189 2067 295 2108 non
325 2049 575 2108 daretur.
636 2045 874 2126 Rejeetis
908 2044 1056 2122 pilis,
1086 2044 1334 2102 cominus
1374 2046 1572 2125 gladiis
1621 2063 1931 2142 pugnatum

187 2130 272 2186 est.
359 2132 444 2188 At
472 2127 745 2186 Germani
783 2125 1049 2190 celeriter,
1086 2142 1157 2181 ex
1197 2124 1587 2184 consuetudine
1627 2125 1741 2192 sua,
1789 2127 1930 2204 pha-

188 2206 345 2288 lange
373 2209 544 2274 facta,
601 2206 840 2282 impetus
882 2202 1191 2282 gladiorum
1243 2220 1599 2282 exceperunt.
1699 2206 1930 2282 Reperti

186 2286 301 2345 sunt
344 2286 668 2364 complures
710 2284 871 2341 nostri
914 2281 1138 2363 militer,
1178 2283 1274 2359 qui
1317 2283 1373 2341 in
1419 2285 1930 2364 phalangarinfili·

185 2382 323 2433 rent,
366 2373 420 2426 δε
450 2367 600 2423 scuta
626 2362 878 2422 manibus
913 2360 1261 2428 revellerent,
1303 2368 1353 2420 δε
1398 2364 1629 2442 desuper
1670 2365 1928 2424 vulnera·

186 2462 320 2503 rent.
409 2447 608 2524 Qum
652 2442 884 2499 hostium
931 2441 1070 2497 acies
1115 2439 1148 2497 a
1190 2441 1392 2500 finistro
1433 2461 1601 2501 cornu
1629 2442 1800 2520 pulsa,
1839 2458 1927 2503 at-

185 2527 376 2601 quein
407 2525 604 2601 fugam
633 2519 892 2578 conversa
905 2520 1081 2578 'effetz
1124 2519 1160 2576 a
1185 2519 1380 2578 dextro
1418 2541 1589 2580 cornu
1631 2521 1926 2582 vehemen-

185 2616 283 2671 ter,
355 2602 720 2662 multitudine
767 2601 1004 2666 suorum,
1072 2599 1307 2658 nostram
1351 2601 1528 2660 aciem
1575 2601 1923 2678 premebant.

184 2681 246 2739 Id
292 2703 475 2762 quum
525 2679 982 2740 animadvertiffet
1032 2676 1093 2735 P.
1162 2678 1377 2738 Crassus
1432 2679 1765 2751 adolescens,
1822 2681 1924 2759 qui

183 2762 453 2839 equitatui
481 2777 760 2838 praeerat;
802 2755 954 2836 quod
994 2756 1306 2833 expeditior
1329 2773 1465 2830 erat,
1505 2758 1675 2838 quam
1703 2759 1785 2830 hi,
1825 2761 1924 2839 qui

182 2839 322 2900 iuter
373 2841 555 2898 aciem
602 2836 978 2902 versabantur;
1056 2836 1275 2895 tertiam
1324 2839 1499 2898 aciem
1549 2838 1923 2902 laborantibus

183 2921 369 2980 uostris
413 2918 661 2977 subsidio
699 2915 863 2976 misit.
946 2914 1033 2972 Ita
1074 2916 1332 2991 proelium
1374 2918 1674 2982 restitutum
1701 2921 1796 2987 est,
1837 2936 1924 2977 at·-

183 3016 287 3075 que
314 3017 515 3056 omnes
546 2998 718 3054 hostes
760 3010 914 3073 terga
941 3008 1219 3052 verterunt
1243 3018 1264 3063 Ἰς
1306 3016 1485 3076 neque
1532 2997 1686 3073 prius
1727 2995 1922 3079 fugere

182 3078 524 3150 destiterunt,
567 3073 736 3155 quam
785 3076 853 3131 ad
902 3073 1108 3131 flumen
1159 3073 1417 3134 Rhenum
1460 3076 1634 3134 millia
1672 3079 1920 3154 passuum

181 3171 247 3213 ex
300 3175 371 3213 eo
425 3158 558 3216 loco
621 3153 833 3211 circiter
883 3152 1287 3230 quinquaginta
1334 3171 1719 3232 pervenerunt.
1835 3156 1920 3214 tbi

182 3236 462 3312 perpauci,
509 3247 607 3291 aut
634 3231 836 3289 viribus
878 3232 1059 3289 confifi
1107 3233 1435 3296 transnatare
1474 3232 1917 3300 contenderunt3

179 3329 295 3383 aut,
335 3311 594 3376 lintribus
638 3310 893 3383 inventia,
933 3311 1160 3449 sag-{item
1202 3313 1301 3374 sibi
1347 3316 1643 3398 petierunt.
1727 3313 1924 3444 ln‘ffbip

1071 3407 1109 3450 2
1757 3441 1762 3448 ,
1839 3401 1927 3454 ,uu
