2169 3766
425 171 524 224 ns
572 149 837 223 Bsuo
882 143 1247 222 Gannico
1293 145 1475 224 Lm.
1512 146 1680 221 vn.
1803 170 1941 246 ¹59

187 269 391 351 quein
422 285 581 348 parte
647 281 849 338 eratur,
888 268 1202 351 cognoscin
1251 268 1623 331 laborantibus
1669 270 1941 331 auxilium

188 351 487 410 submittit.
636 348 834 427 trisque
877 350 949 406 ad
986 351 1237 409 animum
1284 352 1536 419 occurrit,
1583 370 1750 410 unum
1798 346 1941 406 illud
1993 363 1998 368 ’

187 431 295 488 effe
328 445 440 488 tem
489 449 573 497 us,
612 430 734 507 quo
780 427 1018 488 maxime
1061 430 1319 488 contendi
1364 431 1676 488 conveniat.
1758 428 1941 496 Galli,

191 509 291 566 nisi
322 528 423 586 per
453 508 694 586 tegerint
738 507 1095 576 munitiones,
1137 508 1205 566 de
1230 508 1385 567 omni
1414 507 1581 567 salute
1606 508 1892 585 desperant
1917 529 1939 566 ι

189 587 460 655 Romani,
504 587 545 644 fi
594 606 709 644 rem
751 586 1113 654 obtinuerint,
1156 587 1321 645 finem
1376 587 1626 646 laborum
1681 586 1938 645 omnium

187 666 531 743 exspectant.
610 664 866 724 Maxime
887 666 954 724 ad
1002 663 1305 742 superiores
1347 668 1680 725 munitiones
1720 665 1937 723 labora-

193 759 303 811 tur,
346 744 466 821 quo
496 744 971 822 Vergafillaunum
996 745 1741 805 miffum2demonstra-vimus.
1822 744 1939 801 Ex-

193 824 393 902 iguum
445 822 555 881 loci
597 825 667 881 ad
709 822 1079 881 declivitatem
1130 822 1425 902 fastigium,
1462 843 1727 902 magnum
1772 822 1941 881 habet

194 915 593 976 momentum(
654 901 768 958 Alii
796 902 905 960 tela
930 901 1272 977 conjiciunt:
1324 902 1438 969 alii,
1483 901 1746 960 testudine
1772 900 1942 968 fafia,

192 980 460 1055 subeunt:
504 978 839 1058 defatigatis,
878 980 1121 1039 invicem
1149 982 1348 1059 integri
1378 981 1688 1040 succedunt.
1745 983 1939 1058 Agger

189 1061 261 1117 ab
292 1059 551 1118 universis
576 1059 633 1116 in
675 1058 1038 1118 munitionem
1083 1059 1381 1135 conjeaus,
1407 1065 1476 1117 -&
1524 1057 1794 1117 ascensum
1839 1060 1938 1118 dat

194 1138 401 1206 Gallis,
445 1144 518 1204 Sc,
559 1158 687 1216 quae
721 1139 1005 1197 interram
1047 1140 1456 1197 occultaverant
1500 1138 1760 1205 Romani,
1800 1156 1937 1199 con-

202 1231 257 1276 te
298 1218 382 1276 it:
426 1236 528 1293 nec
546 1217 663 1292 jam
691 1236 844 1276 arma
872 1216 1088 1285 nostris,
1124 1236 1227 1276 nec
1255 1218 1393 1275 vires
1420 1218 1733 1295 suppetunt.

323 1294 542 1354 XXIX.
585 1295 691 1353 His
734 1296 897 1355 rebus
942 1295 1201 1375 cognitis,
1245 1295 1426 1355 Caeiar
1469 1297 1775 1356 Labienum
1804 1316 1936 1356 cum

187 1374 516 1434 cohortibus
569 1393 635 1432 vr
687 1375 921 1435 subfidio
962 1375 1339 1439 laborantibus
1392 1376 1585 1434 mittit.
1665 1377 1935 1454 imperat,

188 1455 229 1513 fi
274 1455 530 1514 sustinere
576 1474 691 1514 non
733 1456 934 1533 ponit:
977 1453 1223 1513 deductis
1265 1453 1601 1522 cohortibus,
1642 1456 1936 1533 eruptione

185 1549 439 1612 pugnet:
484 1533 563 1602 id,
607 1534 703 1591 nifi
732 1535 1075 1600 neccessario,
1120 1551 1233 1592 non
1261 1532 1443 1593 faciat.
1524 1534 1646 1612 Ipse
1686 1535 1801 1593 adit
1845 1553 1934 1592 re-

187 1614 417 1692 liquos:
479 1613 814 1681 cohortatur,
882 1633 950 1670 ne
986 1612 1175 1673 ,labori
1226 1611 1619 1672 succumbant:
1675 1613 1932 1673 omnium.

191 1690 536 1768 superiorum
564 1692 977 1756 dimicationum
1008 1693 1243 1751 studium
1291 1694 1348 1750 in
1392 1712 1460 1751 eo
1487 1692 1575 1750 die
1600 1706 1766 1770 atque
1791 1690 1934 1752 hori

185 1771 355 1830 docet
383 1772 678 1829 consistere.
768 1771 1074 1838 Interiores,
1119 1771 1408 1847 desperatis
1434 1771 1817 1849 campestribus
1846 1774 1930 1829 io·-

183 1851 275 1909 cis¹
294 1864 526 1928 propter
567 1850 1004 1930 magnitudinem
1050 1851 1444 1921 munitionum,
1486 1852 1606 1910 loca
1651 1864 1930 1929 praerupta

183 1950 257 1988 ex
285 1929 501 1987 ascensu
529 1941 769 1989 tentant:
813 1931 921 1988 huc
946 1950 1031 1999 ea,
1073 1950 1201 2007 quae
1225 1945 1567 2008 paraverant,
1607 1930 1930 1994 conferunt:

184 2009 552 2068 multitudine
604 2010 836 2068 telorum
880 2029 950 2067 ex
988 2009 1224 2069 turribus
1278 2023 1691 2089 propugnantes
1742 2010 1929 2067 detur-

184 2089 357 2146 bant:
404 2107 609 2167 aggere
659 2094 709 2146 &
753 2089 990 2148 cratibus
1046 2089 1225 2148 aditus
1277 2090 1622 2169 expediunt:
1693 2086 1927 2147 falcibus

184 2167 405 2229 vallum
434 2187 497 2225 ac
524 2167 749 2226 loricam
776 2167 1109 2227 rescindunt.
1195 2223 1202 2226 .
1415 2234 1424 2240 ,

265 2247 508 2306 LXXX.
571 2246 750 2305 Caesar
797 2246 970 2306 mittit
1017 2246 1202 2324 primo
1246 2248 1477 2306 Brutum
1528 2245 1930 2307 adolescentem

184 2344 319 2385 cum
348 2325 665 2385 cohortibus
695 2346 806 2394 vr:
889 2326 964 2384 6st
987 2344 1114 2385 cum
1158 2327 1277 2385 aliis
1323 2346 1441 2394 vn,
1473 2326 1544 2385 C.
1584 2325 1817 2385 Fabium
1846 2326 1930 2385 le-

184 2419 389 2483 gatum
424 2425 439 2462 :
520 2346 906 2482 ostremoip1{‚
948 2425 1121 2482 quum
1167 2405 1544 2465 vehementius
1567 2421 1930 2484 pugnaretur,

186 2487 436 2562 integros
462 2424 695 2552 ἧξδᾶάὶρ
720 2484 959 2542 adducit.
1046 2485 1314 2544 Restituto
1341 2485 1558 2562 proelio,
1602 2483 1665 2542 ac
1705 2485 1930 2561 repuifis

187 2563 471 2630 hostibus:
515 2560 604 2630 eo,
648 2564 762 2641 quo
793 2562 1103 2634 Labienum
1127 2564 1361 2633 miserat,
1388 2564 1701 2630 contendit:
1730 2564 1930 2622 cohor-

187 2656 268 2700 tes
304 2661 370 2699 ιν
398 2660 470 2700 ex
518 2645 773 2720 proximo
818 2643 1033 2703 castello
1074 2644 1303 2714 educit,:
1345 2644 1594 2723 equitum
1633 2640 1685 2700 se
1713 2659 1928 2721 partem

186 2718 388 2798 sequi:
433 2736 645 2797 partem
699 2722 984 2780 circumire
1031 2723 1326 2794 exteriores
1365 2722 1717 2789 munitiones,
1756 2727 1807 2779 δι
1854 2722 1927 2780 ab

193 2812 356 2878 tergo
384 2799 557 2864 hostes
594 2801 790 2858 adoriri
830 2800 1009 2876 jubet.
1092 2801 1391 2867 Labienus,
1438 2801 1720 2878 postquam
1749 2821 1930 2882 neque

189 2897 422 2957 aggeres
468 2898 646 2957 neque
695 2879 843 2938 foss'ae
893 2882 1007 2938 vim
1050 2880 1288 2939 hostium
1342 2880 1588 2938 sustinere
1636 2894 1929 2956 poterant:

189 2958 391 3016 coactis
421 2957 529 3015 una
555 2959 625 3016 de
655 2959 1018 3038 quadraginta
1061 2958 1398 3024 cohortibus,
1441 2978 1575 3037 quas
1622 2978 1692 3017 ex
1738 2961 1930 3038 proxi-

190 3036 295 3093 mis
322 3036 582 3113 praefidiis
607 3037 865 3096 deduftas
907 3038 1019 3096 fors
1063 3038 1290 3105 obtulit,
1331 3037 1601 3097 Caesarem
1644 3058 1742 3116 per
1784 3060 1928 3099 nun-s

187 3115 302 3171 cios
331 3115 461 3172 facit
487 3115 796 3184 certiorem,
837 3117 972 3194 quid
1021 3117 1333 3178 faciendum
1376 3118 1684 3178 existimet:
1724 3115 1929 3178 aeccle?-

190 3209 273 3250 rat
300 3193 498 3258 Caesar,
542 3209 603 3252 ut
630 3196 826 3272 proelio
850 3196 1076 3255 interfit.

270 3271 541 3331 LXXXI.
582 3272 710 3348 Ejus
766 3273 1010 3331 adventu
1055 3294 1129 3332 ex
1168 3274 1354 3333 colore
1416 3275 1633 3335 vestitus
1681 3274 1930 3352 cognito,

189 3369 302 3432 quo
330 3350 617 3433 infigni·in
654 3353 865 3434 proeliis
896 3353 978 3420 uti
1002 3352 1352 3424 consueverat
1372 3375 1397 3428 3
1436 3352 1735 3433 turmisque
1777 3353 1932 3430 equi-

1810 3444 1931 3489 tum
