2169 3766
550 127 673 199 *DE
732 124 1028 197 BELLo
1083 124 1760 202 Hrsi’AmENsr.
1827 119 1832 122 ’
1888 154 2034 231 395

261 249 374 320 gnis
408 246 581 325 cepit.
647 249 758 305 Suo
784 247 913 304 loco
940 246 1243 322 praeteritus
1272 247 1552 322 estsquod
1578 236 1790 325 e'quites
1819 268 1890 306 ex
1920 251 2031 307 Ita-

279 324 362 386 lia
404 346 531 386 cum
575 328 884 403 Asprenate
924 324 994 382 ad
1037 323 1312 383 Caesarem
1362 326 1645 390 venissent.
1724 328 1812 387 Ea
1867 331 2036 387 nofie,

275 404 581 482 Pompeius
620 407 790 464 castra
832 403 1101 468 incendit,
1145 408 1197 460 &
1227 405 1297 461 ad
1325 403 1649 463 Cordubam
1693 407 1876 465 versus
1918 409 2022 464 iter

266 483 469 542 ›facere
496 485 686 561 coepit.
740 484 868 541 Rex
894 482 1121 540 nomine
1154 482 1311 549 Inde,
1342 483 1436 559 qui
1465 493 1594 541 cum
1621 488 1869 562 equitatu
1897 487 2020 544 suas

274 566 472 638 copias
504 566 812 622 adduxerat
829 586 846 626 3
890 562 1025 619 dum
1056 561 1310 636 cupidius
1337 581 1538 639 agmen
1581 565 2016 625 adversariorum

271 641 604 719 insequitur,
634 641 668 699 a
690 640 998 699 vernaculis
1025 641 1343 716 legionariis
1373 655 1635 717 exceptus
1666 646 1739 701 est
1766 647 1815 702 &
1845 646 2015 701 inter-

268 719 471 779 scetus».
542 722 760 779 Postero
788 721 879 777 die
908 720 1120 795 equites
1151 719 1311 776 nostri
1340 720 1556 797 longius
1587 722 1658 777 ad
1689 723 2014 782 Cordubam

272 801 462 857 versus
489 799 758 877 persecuti
787 798 907 857 sunt
927 801 1169 874 eos,.qui
1191 815 1532 858 commeatus
1556 801 1626 856 ad
1653 803 1822 859 castra
1845 805 2011 860 Pom-

271 879 395 954 peii
432 896 503 935 ex
530 879 744 955 oppido
787 877 1127 953 portabant:
1173 896 1242 932 ex
1267 877 1331 934 iis
1361 880 1507 954 capti
1554 897 1586 935 1.
1618 898 1745 937 cum
1782 881 2009 955 jumen-

260 957 340 1014 tis
369 958 440 1014 ad
483 959 660 1015 nostra
687 957 908 1014 a'ddufti
951 955 1073 1013 sunt
1101 957 1292 1013 castra.
1373 957 1587 1037 Eodem
1609 959 1719 1035 ⁵die
1746 962 2009 1039 QMar-

258 1035 390 1093 -cius
421 1036 669 1094 tribunus
699 1036 937 1093 militum
964 1035 1060 1113 qui
1091 1034 1267 1091 fuiffet
1294 1034 1568 1110 Pompeii,
1606 1038 1678 1094 ad
1703 1049 1803 1095 nos
1833 1040 2005 1098 trans-

264 1113 450 1191 fugit:
495 1120 565 1183 &,
600 1116 773 1172 noctis
801 1112 962 1171 tertia
989 1114 1202 1191 vigilia,
1243 1114 1299 1169 in
1328 1116 1541 1189 oppido
1571 1117 2007 1196 acerrime-pug-

268 1209 464 1251 natum
497 1194 609 1259 est;
646 1193 947 1271 ignemque
983 1192 1222 1249 multum
1261 1194 1552 1262 miserunt3
1597 1196 1727 1251 ficut
1756 1202 1803 1254 δι
1834 1215 2002 1255 omne

254 1291 461 1349 genuS,
506 1272 706 1348 quibus
748 1272 890 1349 ignis
934 1291 1033 1348 per
1065 1272 1247 1345 jactus
1287 1267 1475 1328 solitus
1503 1274 1578 1330 est
1620 1276 1781 1331 mitti.
1865 1277 1998 1334 Hoc

260 1353 544 1427 praeterito
576 1366 844 1428 tempore,
874 1351 943 1407 C.
973 1350 1293 1407 Fundanius
1323 1369 1491 1427 eques
1520 1352 1688 1411 Rom.
1718 1371 1789 1410 ex
1816 1355 1999 1413 castris

259 1428 698 1496 adversariorum
730 1430 803 1485 ad
831 1449 929 1488 nos
959 1426 1271 1507 transfugit.

266 1535 271 1542 ·
344 1509 448 1567 Xl.
505 1509 722 1568 Postero
761 1508 852 1566 die
893 1527 962 1566 ex
1015 1508 1238 1585 legione
1278 1506 1576 1567 vernacula
1619 1510 1819 1569 milites
1871 1510 1995 1572 sunt

260 1588 415 1664 capti
458 1586 530 1644 ab
571 1587 849 1665 equitibus
891 1588 1079 1644 nostris
1106 1586 1240 1653 duo,
1283 1588 1380 1664 qui
1419 1586 1678 1645 dixerunt
1717 1589 1770 1648 se
1813 1590 1994 1649 servos

257 1667 399 1733 effe3
445 1686 618 1743 quum
646 1666 912 1725 venirent.
955 1666 1164 1743 cogniti
1207 1669 1328 1722 sunt
1367 1664 1402 1723 ὲ
1442 1666 1726 1733 militibus»,
1769 1671 1867 1746 qui
1895 1691 1995 1727 an-

246 1758 351 1803 tea
389 1764 517 1803 cum
545 1745 724 1802 Fabio
767 1750 816 1802 &
845 1744 1016 1801 Pedio
1059 1745 1296 1810 fuerant,
1338 1749 1389 1801 &
1428 1743 1462 1801 a
1487 1745 1775 1803 Trebonio
1816 1748 1989 1807 trans-

257 1823 531 1904 fugerant.
622 1824 716 1881 Eis
757 1824 827 1881 ad
880 1821 1274 1903 ignoscendum
1328 1821 1483 1880 nulla
1522 1824 1602 1885 est.
1635 1824 1766 1883 data
1810 1826 1992 1886 facul-

186 1914 192 1919 ’
250 1917 379 1970 ·tas;
421 1909 469 1961 &
517 1903 550 1961 a
591 1902 860 1962 militibus
888 1903 1073 1961 nostris
1116 1902 1383 1962 interfecti
1428 1901 1567 1960 sunt.
1650 1904 1808 1962 Idem
1848 1921 1991 1967 tem-

252 1980 428 2061 poris,
482 1984 632 2061 capti
671 1982 971 2048 tabellarii,
1026 1981 1123 2060 qui
1167 1980 1199 2037 a
1240 1981 1507 2039 Corduba
1546 1980 1616 2039 ad
1656 1982 1989 2061 Pompeium

251 2063 390 2121 miffi
418 2077 593 2130 erant,
635 2062 1038 2138 perperamque
1066 2060 1137 2117 ad
1167 2062 1335 2118 castra
1365 2061 1543 2117 nostra
1586 2078 1989 2136 pervenerantg

251 2141 485 2217 praecifis
514 2141 792 2207 manibus„
837 2141 969 2197 milii
1011 2137 1133 2196 sunt
1167 2139 1318 2197 facti.
1402 2138 1528 2194 Pari
1569 2143 1986 2215 consuetudine,

249 2219 451 2296 vigilia
492 2220 728 2277 secunda
765 2239 835 2276 ex
869 2218 1081 2295 oppido
1123 2220 1312 2295 ignem
1355 2218 1593 2275 multum
1633 2219 1986 2298 telorumque

244 2298 658 2357 multitudinem
710 2298 993 2373 jactandm
1054 2298 1195 2354 bene
1247 2315 1513 2372 magnum
1567 2310 1786 2373 tempus
1844 2320 1983 2357 con-

246 2375 591 2454 sumpserunt
603 2403 622 2445 3
654 2374 1074 2454 compluresque
1103 2375 1421 2434 vulneribus
1448 2373 1765 2435 affecerunt.
1837 2380 1981 2437 Prae·

164 2508 171 2513 .
243 2457 410 2516 terito
437 2456 610 2514 noffis
641 2470 911 2533 tempore,
954 2456 1303 2530 eruptionem
1345 2452 1405 2510 in
1444 2452 1726 2530 legionem
1766 2454 1978 2521 sextam

240 2535 514 2601 fecerunt,
556 2553 729 2612 quum
770 2535 828 2592 in
868 2552 1038 2611 opere
1080 2534 1241 2591 nostri
1268 2532 1481 2590 distenti
1510 2533 1708 2601 essent.-
1757 2536 1982 2597 acriter-

243 2633 357 2693 que
396 2633 646 2692 pugnare
671 2627 991 2690 coeperunt:
1037 2631 1274 2688 quorum
1304 2612 1387 2668 vis
1417 2612 1648 2688 repressa
1688 2611 1722 2668 a
1761 2617 1972 2682 nostris,

245 2693 343 2752 etfi
384 2692 653 2769 oppidani
694 2693 971 2769 superiore
1010 2690 1138 2746 loco
1168 2689 1631 2749 defendebantur.
1714 2692 1761 2749 Ii
1805 2713 1979 2769 quum

240 2772 593 2849 eruptionem
621 2771 802 2829 facere
828 2770 1132 2846 coepissent,
1164 2785 1351 2828 tamen
1380 2769 1577 2826 virtute
1604 2767 1845 2828 militurn
1871 2792 1977 2830 no-

238 2852 491 2916 strorum,
532 2850 627 2908 etsi
653 2848 912 2912 inferiore
941 2848 1066 2906 loco
1097 2847 1509 2923 premebantur,
1552 2860 1738 2906 tamen
1775 2851 1974 2928 repulsi
2065 2908 2074 2911 ,

240 2929 537 2988 adversarii
581 2929 723 2988 bene
752 2929 939 2987 multis
968 2927 1285 2985 vulneribus
1318 2924 1499 2984 affecti
1534 2925 1593 2983 in
1619 2927 1890 3006 oppidum
1921 2928 1977 2988 se

353 3008 612 3066 tulerunt.

238 3028 449 3146 c0¹21(st
492 3087 711 3144 Postero
739 3086 829 3145 die
858 3084 1159 3161 Pompeius
1198 3101 1269 3140 ex
1310 3065 1490 3142 'castris
1532 3082 1638 3141 suis
1680 3083 1972 3143 brachium

187 3163 204 3193 ⁸
238 3168 412 3244 toepit
441 3167 511 3222 ad
540 3165 746 3223 flumen
776 3164 985 3221 Salsum
1015 3164 1199 3220 facere
1226 3184 1239 3220 ε
1284 3168 1334 3219 δε
1362 3183 1533 3239 quum
1572 3165 1732 3221 nostri
1759 3165 1975 3242 equites

238 3247 407 3322 pauci
462 3247 520 3301 in
576 3245 805 3302 statione
858 3242 1076 3300 fuissent
1129 3241 1163 3298 ἐι
1217 3241 1467 3318 pluribus
1507 3245 1704 3318 reperti
1750 3245 1820 3298 de
1871 3245 1978 3300 sta-

238 3325 393 3388 tione
434 3323 560 3385 sunt
584 3324 802 3402 dejecti,
847 3327 897 3381 &
938 3319 1102 3382 occist
1143 3338 1273 3383 tres.
1354 3322 1440 3380 Eo
1481 3321 1572 3382 die
1611 3324 1686 3385 A.
1717 3320 1975 3460 Valigius',

1846 3417 1982 3458 ena-

470 3494 505 3515 κ’
