2169 3766
228 197 473 268 402w
727 163 1468 252 A.H1n·r11

221 322 398 380 quum
429 301 893 363 animadverteret
919 303 1144 365 castello
1172 303 1226 362 se
1253 304 1476 365 excludi
1501 303 1782 382 Aspavia,
1819 302 1969 379 quod

223 384 298 440 ab
325 383 515 440 Ucubi
556 384 736 441 millia
776 380 1026 461 paffuutn
1070 404 1108 441 v
1151 384 1310 444 distat
1332 411 1352 453 3
1389 384 1512 442 haec
1536 404 1623 442 res
1668 382 1964 441 necessario

222 462 463 520 vocabat
504 476 564 518 ut
589 465 661 521 ad
702 463 1088 521 dimicandum
1125 461 1516 522 descenderet:
1558 482 1747 540 neque
1775 475 1962 519 tamen

217 560 381 617 aequo
409 543 534 599 loco
560 540 640 602 sui
669 542 990 620 potestatem
1017 541 1283 611 faciebat,
1323 542 1418 601 sed
1447 562 1518 599 ex
1543 562 1749 619 grumo
1777 541 1960 598 excel-

216 618 338 677 sum
364 621 641 679 tumulum
667 621 947 697 capiebat,
990 617 1159 699 usque
1186 619 1274 687 eo,
1314 638 1376 678 ut
1401 623 1709 679 necessario
1738 638 1959 697 cogere-

221 714 310 757 tur
335 701 589 776 iniquum
614 699 804 758 locum
831 700 1029 757 subire.
1112 703 1246 775 Quo
1271 703 1439 767 fatto,
1470 720 1643 778 quum
1680 700 1954 757 utrorum-

221 797 332 857 que
368 780 546 856 copiae
585 781 858 837 tumulum
896 779 1263 836 excellentem
1303 780 1579 857 petissent,
1623 778 1894 856 prohibiti
1929 774 1959 833 εὶ

226 859 416 917 nostris
468 857 611 925 sunt,
663 857 973 933 dejectique
1023 858 1289 934 planitie:
1346 878 1473 935 quae
1518 878 1603 915 res
1655 857 1958 934 secundum

223 937 413 994 nostris
442 935 716 993 efficiebat
755 939 1033 1014 proelium.
1119 937 1386 1015 Undique
1413 951 1600 995 autern
1636 934 1958 993 cedentibus

228 1015 573 1082 adversariis,
603 1016 765 1072 nostri
794 1014 1004 1092 magnii
1030 1016 1087 1071 in
1113 1018 1266 1072 caede
1293 1015 1668 1074 versabantur.
1743 1015 1957 1094 Qibus

227 1113 412 1161 mons,
455 1113 568 1151 non
598 1095 788 1161 virtus,
829 1092 987 1150 saluti
1023 1092 1150 1152 fuit.
1233 1096 1365 1166 Quo
1400 1094 1637 1153 subsidio
1666 1108 1825 1160 tunc,
1865 1092 1956 1149 nifi

228 1172 651 1249 advesperasset,
679 1171 713 1230 a
738 1171 1092 1248 paucioribus
1121 1174 1306 1232 nostris
1332 1175 1487 1232 omni
1516 1172 1731 1230 auxilio
1761 1172 1954 1248 privati

226 1253 431 1310 effent:
461 1272 593 1311 nam
621 1251 938 1310 ceciderunt
964 1271 1034 1310 ex
1061 1252 1175 1309 levi
1204 1253 1497 1320 armatura,
1529 1271 1820 1317 cccxxiv
1842 1272 1860 1319 ;
1888 1268 1955 1306 ex

227 1331 566 1410 legionariis,
626 1350 927 1390 cxxxvut
950 1352 967 1399 ς
1021 1345 1389 1409 praeterquarn
1430 1350 1673 1408 quorum
1713 1349 1863 1387 arma
1901 1333 1949 1383 δε

229 1408 403 1486 spolia
434 1410 556 1468 sunt
582 1409 768 1468 allata.
850 1412 938 1469 Ita
978 1412 1159 1486 pridie
1199 1430 1250 1467 11
1295 1411 1683 1470 centurionum
1723 1408 1949 1467 interitio

227 1488 335 1547 hac
364 1487 797 1547 adversariorum
827 1489 997 1564 poena
1022 1492 1097 1546 est
1121 1491 1296 1546 litata.
1595 1537 1596 1540 ,

305 1567 497 1626 XXV.
543 1567 856 1645 Insequenti
895 1566 1010 1636 die,
1051 1568 1170 1643 pari
1209 1564 1630 1633 consuetudine,
1655 1583 1844 1644 *quum
1881 1560 1945 1620 ad

227 1647 492 1707 eundem·
522 1647 710 1705 locum
762 1645 880 1722 ejus
926 1645 1241 1724 praefidium
1284 1645 1532 1713 venisset,
1585 1645 1810 1721 pristino
1855 1641 1945 1699 illo

232 1726 333 1784 suo
382 1725 679 1784 utebantur
728 1724 1003 1785 instituto:
1064 1742 1202 1784 nam
1260 1737 1461 1803 praeter
1510 1724 1747 1801 equites,
1781 1721 1946 1780 ‘nullo

229 1805 356 1865 loco
398 1823 559 1881 aequo
600 1803 655 1862 se
694 1804 1044 1866 committere
1081 1804 1383 1862 audebant.
1434 1803 1660 1875 ‚Quum
1703 1800 1868 1863 nostri.
1893 1800 1944 1856 in

229 1903 400 1960 opere
422 1885 609 1954 essent,
637 1883 886 1962 equitum
913 1885 1092 1961 copiae
1113 1882 1405 1944 concursus
1433 1882 1619 1941 facere
1643 1890 1939 1960 coeperunt:

226 1962 500 2042 simulque
526 1963 961 2023 vociferantibus
989 1965 1329 2043 legionariis,
1370 1982 1544 2039 quum
1584 1963 1773 2020 locum
1808 1959 1942 2017 effla·

227 2041 495 2118 gitarent,·
528 2058 586 2099 ut
626 2040 867 2100 consueti
907 2041 1121 2121 insequi
1161 2039 1469 2101 existimare
1509 2042 1723 2118 pofl'ent
1764 2038 1816 2095 se
1854 2055 1943 2114 pa·

227 2121 514 2179 ratiffimos
553 2123 658 2258 effe
698 2122 771 2180 ad
811 2121 1218 2187 dimicandum,
1271 2121 1434 2179 nostri
1474 2140 1544 2178 ex
1585 2119 1787 2179 humili
1825 2135 1945 2173 con·

229 2199 380 2257 valle
422 2199 565 2258 bene
626 2197 773 2278 onge
798 2199 922 2258 sunt
946 2201 1154 2279 egreffi,
1197 2207 1249 2279 ξε
1290 2199 1517 2276 planitie
1545 2200 1601 2256 in
1631 2215 1793 2276 aequo
1832 2196 1946 2252 loco

231 2279 610 2338 constiterunt.
690 2280 779 2339 Illi
831 2292 1019 2338 tamen
1071 2278 1440 2356 proculdubio
1481 2278 1553 2334 ad
1598 2274 1951 2354 congredien-

227 2358 363 2416 dum
403 2359 460 2415 in
490 2379 714 2436 aequum
755 2359 942 2417 locum
985 2377 1100 2416 non
1142 2356 1260 2416 sunt
1287 2358 1401 2415 ausi
1426 2356 1778 2421 descendere,
1820 2372 1949 2431 prae·

227 2450 311 2495 ter
338 2456 507 2495 unum
537 2438 829 2496 Antistium
855 2438 1225 2516 Turpionem,
1269 2436 1385 2514 qui,
1427 2436 1600 2494 fidens
1630 2435 1858 2500 viribus,
1886 2449 1951 2489 ex

231 2515 550 2575 adversariis
591 2516 695 2573 fibi*
742 2536 933 2593 parem
986 2517 1091 2574 effe
1144 2516 1422 2573 neminem
1477 2514 1727 2591 cogitare
1769 2511 1951 2589 coepit.

229 2593 365 2661 Hic,
411 2609 470 2651 ut
504 2596 583 2652 fer
648 2616 691 2662 r,
737 2595 974 2654 Achillis
1004 2591 1796 2670 Memnonisque‘congrefl‘uS.
1877 2591 1948 2660 Q.

228 2674 529 2749 Pompeius
567 2609 767 2751 &ligem
809 2694 976 2753 eques
1018 2676 1305 2732 Romanus
1349 2672 1669 2737 Italicenfis,
1723 2691 1798 2728 ex
1838 2672 1950 2726 acie

226 2753 405 2812 nostra
433 2756 503 2812 ad
540 2753 1017 2833 congrediendum
1057 2753 1360 2831 progressus
1389 2753 1481 2809 est.
1562 2752 1851 2829 Qoniam
1881 2747 1952 2804 fe·

228 2835 432 2891 rocitas
473 2835 691 2892 Antistii
730 2836 979 2892 omnium
1034 2847 1245 2890 mentes
1285 2843 1634 2889 converterat
1675 2831 1751 2886 ab
1793 2843 1974 2905 opere·

233 2912 304 2969 ad
349 2911 726 2990 spectandum,
771 2914 915 2977 acies
945 2911 1064 2969 su'nt
1090 2906 1386 2986 dispositae:
1438 2928 1569 2968 nam
1608 2907 1754 2965 inter
1791 2906 1957 2965 bella·

233 3001 379 3047 tores
423 2992 697 3068 principes
726 2993 898 3050 dubia
923 3005 1039 3048 erat
1079 2992 1253 3067 posita
1280 2989 1532 3059 vistoria,
1574 3001 1633 3045 ut
1674 2987 1852 3063 prope
1887 2985 1960 3042 vi·

229 3069 448 3127 deretur
488 3070 656 3128 finem
710 3070 954 3129 bellandi
993 3072 1228 3129 duorum
1270 3067 1530 3125 dirimere
1586 3087 1799 3143 pugna.
1880 3065 1958 3121 Ita
2034 3063 2039 3069 ’

234 3147 387 3205 avidi
428 3146 727 3224 cupidique
769 3149 983 3206 suarum
1027 3147 1255 3232 quisque
1297 3148 1566 3224 partium,
1609 3148 1740 3223 [***
1772 3160 1958 3221 exper-

233 3239 418 3285 torum
445 3227 688 3284 virorum
718 3226 1107 3304 fautorumque
1135 3226 1390 3282 voluntas
1420 3225 1758 3282 habebatur.
1815 3224 1961 3295 Quo·

239 3324 361 3361 rum
403 3306 600 3360 virtute
629 3305 799 3362 alacri
827 3325 999 3382 quum
1041 3307 1112 3362 ad
1154 3304 1534 3361 dimicandum
1575 3304 1635 3360 in
1681 3303 1963 3380 planitiem
1997 3320 2000 3323 ·

239 3380 296 3436 se
322 3381 686 3456 contulissent,
733 3382 1119 3460 scutorumque
1153 3382 1334 3442 laudis
1368 3381 1598 3459 insignis
1636 3381 1967 3460 praefulgens

1832 3474 1966 3535 opus
