2169 3766
237 135 380 225 308
729 135 829 207 A.
916 113 1468 208 Hrnrx'x

238 272 357 316 teos
397 258 642 320 animum
686 261 975 320 conferant
996 283 1015 330 3
1055 259 1196 319 neve
1239 279 1409 337 quam
1460 271 1679 337 partem
1736 262 1993 322 nocturni

237 341 500 414 temporis
546 340 930 400 intermittant.
1019 343 1152 417 Quo
1204 339 1452 417 suscepto
1498 339 1754 417 negotio,
1820 356 1991 418 atque

237 419 489 476 omnium
516 420 715 478 animis
742 421 810 478 ad
854 419 1102 479 laborem
1141 419 1410 485 incitatis:
1455 438 1664 497 magna
1693 418 1804 476 unii
1830 422 1993 479 nocte

233 496 317 551 vis
342 515 500 574 aquae
526 500 702 557 dulcis
725 501 950 557 inventa
985 501 1078 557 est.
1162 499 1251 555 Ita
1290 498 1529 575 operosis
1575 497 1990 555 Alexandrino-

235 593 357 632 rum
388 577 907 645 machinationibuS‚
952 575 1316 655 maximisque
1341 576 1655 644 conatibus,
1685 596 1804 634 non
1833 577 1989 655 longi

167 675 172 676 ⁷
235 657 501 732 temporis
529 657 714 715 labore
738 657 1016 716 occursum
1044 658 1138 716 est.

315 734 420 791 VI.
451 735 536 792 Eo
564 736 753 804 biduo,
788 738 938 816 legio
967 756 1199 794 xxxvii
1228 754 1298 793 ex
1332 733 1603 792 dedititiis
1624 733 1986 812 Pompeianis

129 846 141 864 ι
234 809 524 882 militibus,
566 833 694 874 cum
722 816 1019 881 frument0,
1048 817 1236 883 armis,
1278 813 1421 881 telis,
1457 815 1777 883 tormentis,
1803 815 1984 891 impo-

233 892 336 950 fita
364 893 421 950 in
450 912 614 951 naves
655 896 689 952 a
714 895 968 964 Domitio
997 896 1254 970 Calvino,
1280 894 1349 951 ad
1377 894 1561 951 littora
1591 892 1804 950 Africae
1831 894 1985 970 paul-

232 967 293 1027 Ῑό
317 968 476 1048 supra
506 973 894 1032 Alexandriam
942 974 1122 1032 delata
1148 975 1240 1031 est.
1326 971 1439 1029 Hae
1464 990 1628 1029 naves
1664 971 1843 1039 Euro,
1887 975 1983 1050 qni

234 1051 441 1108 multos
489 1051 620 1109 dies‘
648 1055 990 1110 continenter
1037 1052 1226 1118 flabat,
1272 1066 1494 1128 portum
1541 1068 1749 1127 capere
1790 1052 1979 1127 prohi-

233 1126 546 1198 bebantur;
586 1130 674 1188 sed
719 1133 839 1190 loca
884 1131 1006 1190 sunt
1031 1131 1272 1209 'egregia
1316 1129 1469 1187 omni
1511 1128 1610 1187 illa
1644 1130 1882 1208 regione
1908 1130 1978 1188 ad

232 1208 495 1267 tenendas
546 1210 851 1270 anchoras:
896 1211 975 1278 hi,
1018 1230 1193 1289 quum
1238 1209 1333 1268 diu
1380 1207 1772 1275 retinerentur,
1813 1226 1980 1286 atque

231 1303 394 1361 aquae
436 1287 629 1365 inopia
677 1306 1055 1366 premerentur
1079 1311 1099 1357 ;
1144 1287 1367 1364 navigio
1410 1286 1654 1343 actuario
1704 1287 1979 1348 Caesarem

230 1363 442 1422 faciunt
468 1369 771 1426 certiorem.
857 1369 1054 1436 Caeiar,
1099 1383 1157 1424 ut
1183 1386 1279 1443 per
1305 1366 1357 1423 se
1396 1364 1686 1423 confilium
1730 1381 1978 1443 caperet,

232 1443 369 1520 quid
397 1443 707 1504 faciendum
737 1447 1030 1514 videretur,
1055 1446 1239 1504 navim
1266 1444 1625 1511 conscendit„
1649 1460 1832 1522 atque
1858 1458 1979 1503 om-

232 1541 361 1580 nem
389 1525 604 1582 claffem
631 1527 781 1603 sequi
801 1525 990 1601 justit:
1036 1527 1200 1582 nullis
1242 1523 1430 1582 nostris
1475 1521 1750 1581 militibus
1791 1524 1979 1601 impo-

232 1600 383 1669 fitis3
420 1605 599 1681 quod,
628 1625 800 1682 quum
831 1604 1047 1682 longius
1072 1604 1266 1682 paullo
1288 1602 1605 1670 discederet,
1634 1602 1975 1661 munitiones

230 1680 436 1739 nudari
478 1682 746 1753 nolebat3
808 1683 1098 1765 qut'imque
1146 1683 1218 1742 ad
1267 1702 1396 1740 eum
1451 1682 1638 1740 locum
1691 1683 1976 1742 acceffiffet

230 1758 331 1836 qui
357 1763 665 1839 appellatur
692 1762 1097 1831 Cherronesus:
1140 1759 1491 1840 aquandique
1517 1759 1704 1826 causa,
1734 1764 1974 1840 remiges

230 1837 292 1897 in
341 1855 535 1901 terram
589 1842 953 1920 exposuiffet3
995 1841 1249 1901 nonnulli
1274 1837 1358 1900 Nex
1400 1859 1468 1898 eo
1497 1858 1756 1909 numero,
1800 1860 1971 1919 quum

229 1918 452 1998 longius
500 1920 534 1980 ὲ
583 1923 810 1980 navibus
839 1922 1143 2000 praedatum
1172 1921 1548 1999 proceffiffent,
1591 1918 1674 1979 ab
1692 1921 1971 1998 equitibus

231 1996 468 2058 hostium
496 2001 615 2075 sunt
640 2003 896 2078 excepti:
940 2021 1011 2060 ex
1036 2002 1102 2058 iis
1127 2013 1528 2079 cognoverunt,
1569 1997 1848 2058 Caesarem
1886 2000 1970 2077 ip-

231 2076 351 2135 sum
380 2080 437 2138 in
463 2080 618 2137 classe
645 2082 863 2148 veniffe,
906 2099 1012 2139 nec
1055 2081 1197 2138 ullos
1242 2080 1443 2136 milites
1488 2078 1546 2134 in
1589 2078 1827 2136 navibus
1875 2079 1969 2141 ha-

232 2154 382 2215 bere.
464 2160 594 2235 Qfi
619 2179 677 2216 re
703 2159 1008 2238 comperta,
1050 2177 1309 2238 magnam
1354 2155 1453 2213 fibi
1493 2155 1811 2216 facultatem
1858 2157 1968 2214 sor·

230 2248 421 2295 tunam
465 2238 713 2297 obtuliffe
759 2238 901 2297 bene
943 2240 1202 2318 gerendae
1245 2237 1323 2294 rei
1351 2236 1744 2295 crediderunt:
1780 2235 1970 2313 itaque

231 2333 399 2372 naves
440 2335 652 2385 omnes,
695 2339 830 2397 quas
874 2333 1088 2395 paratas
1133 2315 1434 2374 habuerant
1473 2315 1542 2372 ad
1569 2314 1966 2392 navigandum,

229 2396 734 2474 propugnatoribus
765 2399 1154 2464 instruxerunt,
1192 2391 1500 2471 Caesarique
1540 2393 1794 2457 redeunti
1840 2411 1965 2450 cum

229 2473 386 2532 claffe
437 2471 830 2535 occurrerunt:
869 2477 967 2555 qui
1013 2473 1223 2532 duabus
1267 2473 1337 2531 de
1379 2473 1545 2530 canfis
1586 2491 1658 2529 eo
1683 2472 1777 2531 die
1802 2471 1964 2530 dimi·

229 2571 354 2613 care
380 2554 647 2623 nolebat3
689 2555 843 2633 quod
872 2561 923 2613 8c
950 2556 1130 2612 nullos
1171 2553 1373 2612 milites
1417 2551 1472 2608 in
1517 2550 1752 2608 navibus
1797 2551 1966 2611 habe-

231 2630 347 2701 bat,
392 2639 443 2690 &
490 2636 607 2711 post
655 2634 846 2692 horam
902 2653 942 2690 x
992 2634 1103 2691 diei
1145 2652 1230 2689 res
1276 2630 1578 2709 agebatur:
1622 2648 1740 2686 nox
1782 2646 1967 2688 antem¹

230 2711 464 2769 ailatura
504 2713 790 2774 videbatur
833 2712 1098 2788 majorem
1141 2711 1397 2768 fiduciam
1424 2710 1550 2776 illis,
1592 2709 1690 2786 qui
1719 2708 1966 2767 locorum

230 2791 431 2848 notitia
470 2791 853 2850 confidebant:
895 2793 994 2849 fibi
1032 2790 1198 2848 etiam
1243 2789 1497 2847 hortandi
1538 2788 1659 2845 suoS
1698 2788 1966 2845 auxilium

231 2867 587 2938 defuturum:
625 2869 779 2949 quod
828 2871 979 2928 nulla
1018 2868 1145 2947 fat-is⁴
1169 2868 1367 2926 idonea
1392 2867 1521 2924 esset
1547 2866 1811 2937 hortatio,
1854 2864 1969 2943 qui

230 2960 414 3026 neque
441 2950 698 3008 virtutem
726 2950 898 3027 posset
938 2963 1146 3017 notare,
1190 2967 1369 3026 neque
1395 2945 1665 3004 inertiam.
1751 2945 1969 3020 Quibus

230 3025 302 3082 de
326 3026 492 3084 caufis
522 3048 704 3096 naves,
734 3042 867 3106 quas
894 3029 1096 3105 potuit,
1143 3026 1323 3086 caesar
1361 3025 1427 3083 ad
1457 3023 1654 3082 terram
1691 3023 1968 3091 detrahit:

232 3123 398 3182 quem
426 3106 481 3162 in
511 3106 693 3165 locum
731 3109 860 3164 illos¹
882 3108 1201 3173 success'uros
1229 3124 1343 3163 non
1370 3102 1729 3161 existimabat.

285 3184 444 3265 2V11.
486 3184 617 3241 Erat
648 3205 753 3242 una
780 3186 928 3243 navis
975 3186 1236 3252 Rhodias
1261 3186 1320 3242 in
1359 3184 1555 3240 dextro
1588 3180 1819 3239 Caesaris
1847 3199 1964 3238 cor-

232 3279 330 3326 nu,
372 3260 541 3341 longe
568 3261 637 3318 ab
664 3264 884 3340 reliquis
911 3265 1202 3323 collocata.
1229 3312 1236 3319 .
1287 3263 1452 3319 Hanc
1491 3260 1791 3337 conspicati
1846 3257 1968 3316 hos-

233 3352 333 3404 teS,
364 3355 478 3397 non
503 3352 797 3399 tenuerunt
831 3341 978 3411 sese:
1022 3340 1341 3422 magnoque
1380 3341 1590 3418 impetu
1620 3358 1687 3397 tv
1733 3338 1802 3401 ad
1849 3356 1966 3395 eam

1468 3464 1475 3467 -
1596 3442 1599 3445 “
1837 3436 1970 3474 con·
