<?xml version="1.0" encoding="UTF-8"?>
<!DOCTYPE html PUBLIC "-//W3C//DTD XHTML 1.0 Transitional//EN"
    "http://www.w3.org/TR/xhtml1/DTD/xhtml1-transitional.dtd">
<html xmlns="http://www.w3.org/1999/xhtml" xml:lang="en" lang="en">
 <head>
  <title>
</title>
<meta http-equiv="Content-Type" content="text/html;charset=utf-8" />
  <meta name='ocr-system' content='tesseract 3.04.00' />
  <meta name='ocr-capabilities' content='ocr_page ocr_carea ocr_par ocr_line ocrx_word'/>
</head>
<body>
  <div class='ocr_page' id='page_1' title='image "./cjuliicsariseta00maitgoog_0107.png"; bbox 0 0 2169 3766; ppageno 0'>
   <div class='ocr_carea' id='block_1_1' title="bbox 438 114 1867 214">
    <p class='ocr_par' dir='ltr' id='par_1_1' title="bbox 438 114 1867 214">
     <span class='ocr_line' id='line_1_1' title="bbox 438 114 1867 214; baseline -0.001 -21"><span class='ocrx_word' id='word_1_1' title='bbox 438 141 538 193; x_wconf 71' lang='lat' dir='ltr'>on</span> <span class='ocrx_word' id='word_1_2' title='bbox 591 118 856 191; x_wconf 62' lang='lat' dir='ltr'>Bam</span> <span class='ocrx_word' id='word_1_3' title='bbox 903 115 1267 213; x_wconf 59' lang='lat' dir='ltr'>Gnturco</span> <span class='ocrx_word' id='word_1_4' title='bbox 1314 114 1496 191; x_wconf 74' lang='lat' dir='ltr'>Lm.</span> <span class='ocrx_word' id='word_1_5' title='bbox 1543 116 1675 189; x_wconf 91' lang='lat' dir='ltr'>IV.</span> <span class='ocrx_word' id='word_1_6' title='bbox 1782 134 1867 214; x_wconf 81' lang='lat'>71</span> 
     </span>
    </p>
   </div>
   <div class='ocr_carea' id='block_1_2' title="bbox 126 235 1937 3457">
    <p class='ocr_par' dir='ltr' id='par_1_2' title="bbox 140 235 1884 701">
     <span class='ocr_line' id='line_1_2' title="bbox 140 235 1881 324; baseline -0.003 -17"><span class='ocrx_word' id='word_1_7' title='bbox 140 259 237 307; x_wconf 75' lang='lat' dir='ltr'>tem</span> <span class='ocrx_word' id='word_1_8' title='bbox 258 241 552 324; x_wconf 82' lang='lat' dir='ltr'>equitum,</span> <span class='ocrx_word' id='word_1_9' title='bbox 578 235 932 297; x_wconf 79' lang='lat' dir='ltr'>stabilitatem</span> <span class='ocrx_word' id='word_1_10' title='bbox 957 235 1225 314; x_wconf 87' lang='lat' dir='ltr'>peditum,</span> <span class='ocrx_word' id='word_1_11' title='bbox 1269 236 1328 294; x_wconf 90' lang='lat' dir='ltr'>in</span> <span class='ocrx_word' id='word_1_12' title='bbox 1359 238 1574 315; x_wconf 42' lang='lat' dir='ltr'>proeiiiss</span> <span class='ocrx_word' id='word_1_13' title='bbox 1596 240 1881 317; x_wconf 78' lang='lat' dir='ltr'>praestant3</span> 
     </span>
     <span class='ocr_line' id='line_1_3' title="bbox 141 316 1884 395; baseline -0.002 -10"><span class='ocrx_word' id='word_1_14' title='bbox 141 340 435 385; x_wconf 83' lang='lat' dir='ltr'>actantum</span> <span class='ocrx_word' id='word_1_15' title='bbox 473 319 575 378; x_wconf 82' lang='lat' dir='ltr'>usu</span> <span class='ocrx_word' id='word_1_16' title='bbox 599 316 932 395; x_wconf 86' lang='lat' dir='ltr'>quotidiano</span> <span class='ocrx_word' id='word_1_17' title='bbox 978 321 1030 374; x_wconf 79' lang='grc' dir='ltr'>δε</span> <span class='ocrx_word' id='word_1_18' title='bbox 1079 316 1477 377; x_wconf 79' lang='lat' dir='ltr'>exercitatione</span> <span class='ocrx_word' id='word_1_19' title='bbox 1517 320 1780 389; x_wconf 83' lang='lat' dir='ltr'>efficiunt,</span> <span class='ocrx_word' id='word_1_20' title='bbox 1821 336 1884 382; x_wconf 89' lang='lat' dir='ltr'>ut</span> 
     </span>
     <span class='ocr_line' id='line_1_4' title="bbox 141 394 1883 475; baseline -0.002 -11"><span class='ocrx_word' id='word_1_21' title='bbox 141 407 190 464; x_wconf 91' lang='lat' dir='ltr'>in</span> <span class='ocrx_word' id='word_1_22' title='bbox 216 399 420 461; x_wconf 75' lang='lat' dir='ltr'>declivi</span> <span class='ocrx_word' id='word_1_23' title='bbox 447 416 513 457; x_wconf 86' lang='lat' dir='ltr'>ac</span> <span class='ocrx_word' id='word_1_24' title='bbox 541 396 812 475; x_wconf 79' lang='lat' dir='ltr'>praecipiti</span> <span class='ocrx_word' id='word_1_25' title='bbox 841 395 967 452; x_wconf 90' lang='lat' dir='ltr'>loco</span> <span class='ocrx_word' id='word_1_26' title='bbox 1012 394 1262 453; x_wconf 87' lang='lat' dir='ltr'>incitatos</span> <span class='ocrx_word' id='word_1_27' title='bbox 1307 415 1479 474; x_wconf 87' lang='lat' dir='ltr'>equos</span> <span class='ocrx_word' id='word_1_28' title='bbox 1522 398 1790 467; x_wconf 79' lang='lat' dir='ltr'>sustinere,</span> <span class='ocrx_word' id='word_1_29' title='bbox 1828 407 1883 461; x_wconf 78' lang='grc' dir='ltr'>δι</span> 
     </span>
     <span class='ocr_line' id='line_1_5' title="bbox 143 475 1883 554; baseline -0.002 -11"><span class='ocrx_word' id='word_1_30' title='bbox 143 481 287 543; x_wconf 78' lang='lat' dir='ltr'>brevi</span> <span class='ocrx_word' id='word_1_31' title='bbox 317 478 596 539; x_wconf 87' lang='lat' dir='ltr'>moderari</span> <span class='ocrx_word' id='word_1_32' title='bbox 625 494 690 533; x_wconf 85' lang='lat' dir='ltr'>ac</span> <span class='ocrx_word' id='word_1_33' title='bbox 715 475 950 540; x_wconf 60' lang='lat' dir='ltr'>fleetere,</span> <span class='ocrx_word' id='word_1_34' title='bbox 995 479 1047 531; x_wconf 76' lang='grc' dir='ltr'>δε</span> <span class='ocrx_word' id='word_1_35' title='bbox 1076 493 1172 548; x_wconf 88' lang='lat' dir='ltr'>per</span> <span class='ocrx_word' id='word_1_36' title='bbox 1219 490 1500 534; x_wconf 86' lang='lat' dir='ltr'>temonem</span> <span class='ocrx_word' id='word_1_37' title='bbox 1548 492 1883 554; x_wconf 83' lang='lat' dir='ltr'>percurrere,</span> 
     </span>
     <span class='ocr_line' id='line_1_6' title="bbox 143 551 1883 640; baseline 0.001 -21"><span class='ocrx_word' id='word_1_38' title='bbox 143 570 187 621; x_wconf 76' lang='grc' dir='ltr'>ει</span> <span class='ocrx_word' id='word_1_39' title='bbox 210 564 267 620; x_wconf 86' lang='lat' dir='ltr'>in</span> <span class='ocrx_word' id='word_1_40' title='bbox 286 560 436 638; x_wconf 80' lang='lat' dir='ltr'>jugo</span> <span class='ocrx_word' id='word_1_41' title='bbox 462 556 719 622; x_wconf 72' lang='lat' dir='ltr'>insistere,</span> <span class='ocrx_word' id='word_1_42' title='bbox 750 557 803 612; x_wconf 71' lang='grc' dir='ltr'><strong><em>ἃ</em></strong></span> <span class='ocrx_word' id='word_1_43' title='bbox 827 552 958 612; x_wconf 66' lang='lat' dir='ltr'>inde</span> <span class='ocrx_word' id='word_1_44' title='bbox 983 551 1035 611; x_wconf 88' lang='lat' dir='ltr'>se</span> <span class='ocrx_word' id='word_1_45' title='bbox 1058 552 1119 611; x_wconf 86' lang='lat' dir='ltr'>in</span> <span class='ocrx_word' id='word_1_46' title='bbox 1142 572 1328 612; x_wconf 86' lang='lat' dir='ltr'>currus</span> <span class='ocrx_word' id='word_1_47' title='bbox 1355 553 1595 616; x_wconf 69' lang='lat' dir='ltr'>citissime</span> <span class='ocrx_word' id='word_1_48' title='bbox 1613 558 1883 640; x_wconf 82' lang='lat' dir='ltr'>recipere,</span> 
     </span>
     <span class='ocr_line' id='line_1_7' title="bbox 144 637 1882 701; baseline -0.008 1"><span class='ocrx_word' id='word_1_49' title='bbox 144 637 541 701; x_wconf 81' lang='lat' dir='ltr'>consueverint.</span> <span class='ocrx_word' id='word_1_50' title='bbox 1877 650 1882 656; x_wconf 86' lang='lat'><strong>·</strong></span> 
     </span>
    </p>

    <p class='ocr_par' dir='ltr' id='par_1_3' title="bbox 214 709 1885 799">
     <span class='ocr_line' id='line_1_8' title="bbox 214 709 1885 799; baseline 0.002 -26"><span class='ocrx_word' id='word_1_51' title='bbox 214 718 406 779; x_wconf 86' lang='lat' dir='ltr'>XXX.</span> <span class='ocrx_word' id='word_1_52' title='bbox 425 713 653 793; x_wconf 84' lang='lat' dir='ltr'>Qibus</span> <span class='ocrx_word' id='word_1_53' title='bbox 677 710 858 779; x_wconf 83' lang='lat' dir='ltr'>rebus,</span> <span class='ocrx_word' id='word_1_54' title='bbox 889 709 1214 786; x_wconf 81' lang='lat' dir='ltr'>perturbatis</span> <span class='ocrx_word' id='word_1_55' title='bbox 1240 712 1444 770; x_wconf 85' lang='lat' dir='ltr'>nostros</span> <span class='ocrx_word' id='word_1_56' title='bbox 1474 714 1717 776; x_wconf 86' lang='lat' dir='ltr'>novitate</span> <span class='ocrx_word' id='word_1_57' title='bbox 1740 735 1885 799; x_wconf 82' lang='lat' dir='ltr'>pug-</span> 
     </span>
    </p>

    <p class='ocr_par' dir='ltr' id='par_1_4' title="bbox 126 790 1903 2043">
     <span class='ocr_line' id='line_1_9' title="bbox 126 790 1886 873; baseline -0.006 -16"><span class='ocrx_word' id='word_1_58' title='bbox 126 821 244 867; x_wconf 80' lang='lat' dir='ltr'>uae,</span> <span class='ocrx_word' id='word_1_59' title='bbox 277 813 538 872; x_wconf 87' lang='lat' dir='ltr'>tempore</span> <span class='ocrx_word' id='word_1_60' title='bbox 561 791 1012 870; x_wconf 85' lang='lat' dir='ltr'>opportuniffimo</span> <span class='ocrx_word' id='word_1_61' title='bbox 1039 790 1222 848; x_wconf 84' lang='lat' dir='ltr'>Caesar</span> <span class='ocrx_word' id='word_1_62' title='bbox 1246 792 1509 851; x_wconf 83' lang='lat' dir='ltr'>auxilium</span> <span class='ocrx_word' id='word_1_63' title='bbox 1538 795 1666 873; x_wconf 71' lang='lat' dir='ltr'>tulit</span> <span class='ocrx_word' id='word_1_64' title='bbox 1682 816 1700 864; x_wconf 91' lang='lat'>;</span> <span class='ocrx_word' id='word_1_65' title='bbox 1729 815 1886 856; x_wconf 80' lang='lat' dir='ltr'>nam-</span> 
     </span>
     <span class='ocr_line' id='line_1_10' title="bbox 145 869 1890 958; baseline -0.002 -22"><span class='ocrx_word' id='word_1_66' title='bbox 145 897 250 958; x_wconf 88' lang='lat' dir='ltr'>que</span> <span class='ocrx_word' id='word_1_67' title='bbox 277 877 398 951; x_wconf 78' lang='lat' dir='ltr'>ejus</span> <span class='ocrx_word' id='word_1_68' title='bbox 428 873 668 931; x_wconf 79' lang='lat' dir='ltr'>adventu</span> <span class='ocrx_word' id='word_1_69' title='bbox 714 870 888 927; x_wconf 80' lang='lat' dir='ltr'>hostes</span> <span class='ocrx_word' id='word_1_70' title='bbox 932 869 1303 938; x_wconf 88' lang='lat' dir='ltr'>constiterunt,</span> <span class='ocrx_word' id='word_1_71' title='bbox 1366 872 1528 929; x_wconf 86' lang='lat' dir='ltr'>nostri</span> <span class='ocrx_word' id='word_1_72' title='bbox 1578 893 1648 931; x_wconf 84' lang='lat' dir='ltr'>ex</span> <span class='ocrx_word' id='word_1_73' title='bbox 1691 876 1890 937; x_wconf 76' lang='lat' dir='ltr'>timore</span> 
     </span>
     <span class='ocr_line' id='line_1_11' title="bbox 144 947 1890 1035; baseline -0.002 -18"><span class='ocrx_word' id='word_1_74' title='bbox 144 961 192 1017; x_wconf 84' lang='lat' dir='ltr'>se</span> <span class='ocrx_word' id='word_1_75' title='bbox 217 967 570 1031; x_wconf 85' lang='lat' dir='ltr'>receperunt.</span> <span class='ocrx_word' id='word_1_76' title='bbox 652 951 786 1035; x_wconf 80' lang='lat' dir='ltr'>Qo</span> <span class='ocrx_word' id='word_1_77' title='bbox 829 947 1011 1006; x_wconf 63' lang='lat' dir='ltr'>facto:</span> <span class='ocrx_word' id='word_1_78' title='bbox 1061 948 1130 1005; x_wconf 90' lang='lat' dir='ltr'>ad</span> <span class='ocrx_word' id='word_1_79' title='bbox 1175 948 1536 1009; x_wconf 67' lang='lat' dir='ltr'>laceffitndum</span> <span class='ocrx_word' id='word_1_80' title='bbox 1568 951 1793 1021; x_wconf 81' lang='lat' dir='ltr'>hostem,</span> <span class='ocrx_word' id='word_1_81' title='bbox 1838 961 1890 1013; x_wconf 75' lang='grc' dir='ltr'>δε</span> 
     </span>
     <span class='ocr_line' id='line_1_12' title="bbox 144 1027 1891 1106; baseline -0.002 -11"><span class='ocrx_word' id='word_1_82' title='bbox 144 1030 608 1095; x_wconf 85' lang='lat' dir='ltr'>committendum</span> <span class='ocrx_word' id='word_1_83' title='bbox 652 1027 932 1105; x_wconf 88' lang='lat' dir='ltr'>proelium,</span> <span class='ocrx_word' id='word_1_84' title='bbox 974 1027 1214 1085; x_wconf 84' lang='lat' dir='ltr'>alienum</span> <span class='ocrx_word' id='word_1_85' title='bbox 1245 1029 1348 1087; x_wconf 84' lang='lat' dir='ltr'>ess‘e</span> <span class='ocrx_word' id='word_1_86' title='bbox 1397 1035 1615 1106; x_wconf 79' lang='lat' dir='ltr'>temp&#39;us</span> <span class='ocrx_word' id='word_1_87' title='bbox 1663 1031 1891 1091; x_wconf 85' lang='lat' dir='ltr'>arbitra-</span> 
     </span>
     <span class='ocr_line' id='line_1_13' title="bbox 148 1105 1895 1186; baseline -0.002 -12"><span class='ocrx_word' id='word_1_88' title='bbox 148 1130 271 1182; x_wconf 81' lang='lat' dir='ltr'>tus3</span> <span class='ocrx_word' id='word_1_89' title='bbox 313 1111 415 1170; x_wconf 82' lang='lat' dir='ltr'>suo</span> <span class='ocrx_word' id='word_1_90' title='bbox 441 1110 496 1167; x_wconf 80' lang='lat' dir='ltr'>se</span> <span class='ocrx_word' id='word_1_91' title='bbox 520 1110 646 1183; x_wconf 77' lang='lat' dir='ltr'>loco</span> <span class='ocrx_word' id='word_1_92' title='bbox 670 1105 978 1166; x_wconf 82' lang='lat' dir='ltr'><strong>continuit:</strong></span> <span class='ocrx_word' id='word_1_93' title='bbox 1023 1111 1097 1174; x_wconf 70' lang='grc' dir='ltr'>δε,</span> <span class='ocrx_word' id='word_1_94' title='bbox 1139 1105 1292 1164; x_wconf 86' lang='lat' dir='ltr'>brevi</span> <span class='ocrx_word' id='word_1_95' title='bbox 1334 1121 1585 1186; x_wconf 88' lang='lat' dir='ltr'>tempore</span> <span class='ocrx_word' id='word_1_96' title='bbox 1622 1109 1895 1171; x_wconf 88' lang='lat' dir='ltr'>intermis-</span> 
     </span>
     <span class='ocr_line' id='line_1_14' title="bbox 148 1184 1895 1266; baseline -0.001 -13"><span class='ocrx_word' id='word_1_97' title='bbox 148 1194 224 1261; x_wconf 90' lang='lat' dir='ltr'>so,</span> <span class='ocrx_word' id='word_1_98' title='bbox 266 1196 325 1249; x_wconf 87' lang='lat' dir='ltr'>in</span> <span class='ocrx_word' id='word_1_99' title='bbox 373 1190 544 1248; x_wconf 81' lang='lat' dir='ltr'>castra</span> <span class='ocrx_word' id='word_1_100' title='bbox 583 1185 830 1265; x_wconf 84' lang='lat' dir='ltr'>legiones</span> <span class='ocrx_word' id='word_1_101' title='bbox 873 1184 1110 1243; x_wconf 87' lang='lat' dir='ltr'>reduxit.</span> <span class='ocrx_word' id='word_1_102' title='bbox 1212 1185 1369 1244; x_wconf 86' lang='lat' dir='ltr'>Dum</span> <span class='ocrx_word' id='word_1_103' title='bbox 1417 1187 1541 1245; x_wconf 75' lang='lat' dir='ltr'>haec</span> <span class='ocrx_word' id='word_1_104' title='bbox 1586 1203 1895 1266; x_wconf 79' lang='lat' dir='ltr'>geruntur:</span> 
     </span>
     <span class='ocr_line' id='line_1_15' title="bbox 151 1263 1893 1348; baseline -0.001 -18"><span class='ocrx_word' id='word_1_105' title='bbox 151 1272 338 1331; x_wconf 78' lang='lat' dir='ltr'>nostris</span> <span class='ocrx_word' id='word_1_106' title='bbox 377 1267 640 1327; x_wconf 84' lang='lat' dir='ltr'>omnibus</span> <span class='ocrx_word' id='word_1_107' title='bbox 685 1263 1001 1342; x_wconf 85' lang='lat' dir='ltr'>occupatis;</span> <span class='ocrx_word' id='word_1_108' title='bbox 1044 1263 1142 1342; x_wconf 92' lang='lat' dir='ltr'>qui</span> <span class='ocrx_word' id='word_1_109' title='bbox 1188 1266 1427 1325; x_wconf 89' lang='lat' dir='ltr'>erantin</span> <span class='ocrx_word' id='word_1_110' title='bbox 1477 1269 1621 1345; x_wconf 84' lang='lat' dir='ltr'>agris</span> <span class='ocrx_word' id='word_1_111' title='bbox 1672 1270 1893 1348; x_wconf 81' lang='lat' dir='ltr'>reliqui,</span> 
     </span>
     <span class='ocr_line' id='line_1_16' title="bbox 154 1342 1893 1426; baseline -0.001 -18"><span class='ocrx_word' id='word_1_112' title='bbox 154 1350 520 1408; x_wconf 82' lang='lat' dir='ltr'>discefferunt.</span> <span class='ocrx_word' id='word_1_113' title='bbox 603 1346 813 1402; x_wconf 82' lang='lat' dir='ltr'>Secutae</span> <span class='ocrx_word' id='word_1_114' title='bbox 863 1342 1003 1408; x_wconf 87' lang='lat' dir='ltr'>sunt,</span> <span class='ocrx_word' id='word_1_115' title='bbox 1061 1344 1351 1401; x_wconf 87' lang='lat' dir='ltr'>continuos</span> <span class='ocrx_word' id='word_1_116' title='bbox 1393 1344 1509 1403; x_wconf 83' lang='lat' dir='ltr'>dies</span> <span class='ocrx_word' id='word_1_117' title='bbox 1561 1349 1893 1426; x_wconf 76' lang='lat' dir='ltr'>complures,</span> 
     </span>
     <span class='ocr_line' id='line_1_17' title="bbox 155 1422 1893 1506; baseline 0.001 -18"><span class='ocrx_word' id='word_1_118' title='bbox 155 1431 540 1506; x_wconf 83' lang='lat' dir='ltr'>tempestates;</span> <span class='ocrx_word' id='word_1_119' title='bbox 584 1444 711 1502; x_wconf 84' lang='lat' dir='ltr'>quae</span> <span class='ocrx_word' id='word_1_120' title='bbox 756 1429 809 1481; x_wconf 88' lang='lat'>&amp;</span> <span class='ocrx_word' id='word_1_121' title='bbox 855 1422 1057 1479; x_wconf 82' lang='lat' dir='ltr'>nostros</span> <span class='ocrx_word' id='word_1_122' title='bbox 1107 1423 1163 1479; x_wconf 90' lang='lat' dir='ltr'>in</span> <span class='ocrx_word' id='word_1_123' title='bbox 1210 1423 1388 1480; x_wconf 84' lang='lat' dir='ltr'>castris</span> <span class='ocrx_word' id='word_1_124' title='bbox 1434 1427 1795 1497; x_wconf 86' lang='lat' dir='ltr'>continerent,</span> <span class='ocrx_word' id='word_1_125' title='bbox 1840 1434 1893 1488; x_wconf 74' lang='grc' dir='ltr'>δι</span> 
     </span>
     <span class='ocr_line' id='line_1_18' title="bbox 156 1499 1898 1582; baseline -0.002 -15"><span class='ocrx_word' id='word_1_126' title='bbox 156 1510 362 1567; x_wconf 84' lang='lat' dir='ltr'>hostem</span> <span class='ocrx_word' id='word_1_127' title='bbox 414 1503 448 1562; x_wconf 70' lang='grc' dir='ltr'>ὲ</span> <span class='ocrx_word' id='word_1_128' title='bbox 473 1502 665 1582; x_wconf 60' lang='lat' dir='ltr'>pugna</span> <span class='ocrx_word' id='word_1_129' title='bbox 710 1499 1084 1579; x_wconf 78' lang='lat' dir='ltr'>prohiberent.</span> <span class='ocrx_word' id='word_1_130' title='bbox 1166 1501 1396 1560; x_wconf 84' lang='lat' dir='ltr'>Interim</span> <span class='ocrx_word' id='word_1_131' title='bbox 1425 1501 1644 1567; x_wconf 72' lang='lat' dir='ltr'>barbari,</span> <span class='ocrx_word' id='word_1_132' title='bbox 1667 1510 1898 1568; x_wconf 78' lang='lat' dir='ltr'>nuncios</span> 
     </span>
     <span class='ocr_line' id='line_1_19' title="bbox 160 1580 1896 1661; baseline 0 -15"><span class='ocrx_word' id='word_1_133' title='bbox 160 1590 217 1646; x_wconf 89' lang='lat' dir='ltr'>in</span> <span class='ocrx_word' id='word_1_134' title='bbox 243 1603 440 1644; x_wconf 87' lang='lat' dir='ltr'>omnes</span> <span class='ocrx_word' id='word_1_135' title='bbox 467 1596 649 1659; x_wconf 86' lang='lat' dir='ltr'>partes</span> <span class='ocrx_word' id='word_1_136' title='bbox 698 1580 1061 1647; x_wconf 59' lang='lat' dir='ltr'>dimisti-unu</span> <span class='ocrx_word' id='word_1_137' title='bbox 1105 1580 1555 1661; x_wconf 66' lang='lat' dir='ltr'>paucitatemque</span> <span class='ocrx_word' id='word_1_138' title='bbox 1593 1586 1896 1647; x_wconf 87' lang='lat' dir='ltr'>nostrorum</span> 
     </span>
     <span class='ocr_line' id='line_1_20' title="bbox 165 1660 1900 1738; baseline 0.001 -14"><span class='ocrx_word' id='word_1_139' title='bbox 165 1667 403 1725; x_wconf 84' lang='lat' dir='ltr'>militum</span> <span class='ocrx_word' id='word_1_140' title='bbox 431 1662 538 1720; x_wconf 87' lang='lat' dir='ltr'>suis</span> <span class='ocrx_word' id='word_1_141' title='bbox 588 1660 1064 1738; x_wconf 68' lang='lat' dir='ltr'>praedioeverunt3</span> <span class='ocrx_word' id='word_1_142' title='bbox 1107 1665 1178 1725; x_wconf 89' lang='lat'>&amp;‚</span> <span class='ocrx_word' id='word_1_143' title='bbox 1221 1674 1427 1738; x_wconf 87' lang='lat' dir='ltr'>quanta</span> <span class='ocrx_word' id='word_1_144' title='bbox 1469 1661 1669 1737; x_wconf 81' lang='lat' dir='ltr'>praedae</span> <span class='ocrx_word' id='word_1_145' title='bbox 1692 1663 1900 1724; x_wconf 84' lang='lat' dir='ltr'>facien·</span> 
     </span>
     <span class='ocr_line' id='line_1_21' title="bbox 164 1737 1903 1823; baseline -0.001 -20"><span class='ocrx_word' id='word_1_146' title='bbox 164 1746 250 1803; x_wconf 86' lang='lat' dir='ltr'>dae</span> <span class='ocrx_word' id='word_1_147' title='bbox 274 1758 444 1821; x_wconf 84' lang='lat' dir='ltr'>atque</span> <span class='ocrx_word' id='word_1_148' title='bbox 495 1740 552 1797; x_wconf 85' lang='lat' dir='ltr'>in</span> <span class='ocrx_word' id='word_1_149' title='bbox 596 1754 925 1823; x_wconf 87' lang='lat' dir='ltr'>perpetuum</span> <span class='ocrx_word' id='word_1_150' title='bbox 965 1738 1042 1795; x_wconf 86' lang='lat' dir='ltr'>sui</span> <span class='ocrx_word' id='word_1_151' title='bbox 1095 1737 1362 1813; x_wconf 84' lang='lat' dir='ltr'>liberandi</span> <span class='ocrx_word' id='word_1_152' title='bbox 1402 1739 1629 1799; x_wconf 83' lang='lat' dir='ltr'>facultas</span> <span class='ocrx_word' id='word_1_153' title='bbox 1655 1743 1903 1815; x_wconf 80' lang='lat' dir='ltr'>daretur,</span> 
     </span>
     <span class='ocr_line' id='line_1_22' title="bbox 164 1816 1901 1894; baseline 0.001 -12"><span class='ocrx_word' id='word_1_154' title='bbox 164 1825 201 1882; x_wconf 82' lang='lat' dir='ltr'>fi</span> <span class='ocrx_word' id='word_1_155' title='bbox 252 1824 540 1881; x_wconf 87' lang='lat' dir='ltr'>Romanos</span> <span class='ocrx_word' id='word_1_156' title='bbox 586 1819 766 1875; x_wconf 85' lang='lat' dir='ltr'>castris</span> <span class='ocrx_word' id='word_1_157' title='bbox 808 1816 1151 1894; x_wconf 68' lang='lat' dir='ltr'>expulissent,</span> <span class='ocrx_word' id='word_1_158' title='bbox 1193 1818 1710 1880; x_wconf 61' lang='lat' dir='ltr'>demonstraverunt.</span> <span class='ocrx_word' id='word_1_159' title='bbox 1792 1824 1901 1883; x_wconf 76' lang='lat' dir='ltr'>His</span> 
     </span>
     <span class='ocr_line' id='line_1_23' title="bbox 165 1897 1903 1981; baseline 0 -18"><span class='ocrx_word' id='word_1_160' title='bbox 165 1903 325 1963; x_wconf 77' lang='lat' dir='ltr'>rebus</span> <span class='ocrx_word' id='word_1_161' title='bbox 353 1900 607 1959; x_wconf 83' lang='lat' dir='ltr'>celeriter</span> <span class='ocrx_word' id='word_1_162' title='bbox 632 1897 836 1976; x_wconf 69' lang='lat' dir='ltr'>magnii</span> <span class='ocrx_word' id='word_1_163' title='bbox 852 1897 1217 1959; x_wconf 64' lang='lat' dir='ltr'>multitudine,</span> <span class='ocrx_word' id='word_1_164' title='bbox 1230 1898 1501 1975; x_wconf 71' lang='lat' dir='ltr'>peditatus</span> <span class='ocrx_word' id='word_1_165' title='bbox 1522 1900 1903 1981; x_wconf 71' lang='lat' dir='ltr'>equitatusque</span> 
     </span>
     <span class='ocr_line' id='line_1_24' title="bbox 164 1978 1096 2043; baseline -0.009 -2"><span class='ocrx_word' id='word_1_166' title='bbox 164 1980 377 2043; x_wconf 60' lang='lat' dir='ltr'>coacta,</span> <span class='ocrx_word' id='word_1_167' title='bbox 423 1978 497 2036; x_wconf 86' lang='lat' dir='ltr'>ad</span> <span class='ocrx_word' id='word_1_168' title='bbox 523 1978 686 2035; x_wconf 88' lang='lat' dir='ltr'>castra</span> <span class='ocrx_word' id='word_1_169' title='bbox 712 1989 998 2034; x_wconf 87' lang='lat' dir='ltr'>venerunt.</span> <span class='ocrx_word' id='word_1_170' title='bbox 1095 1993 1096 1996; x_wconf 71' lang='grc'>’</span> 
     </span>
    </p>

    <p class='ocr_par' dir='ltr' id='par_1_5' title="bbox 169 2053 1917 2927">
     <span class='ocr_line' id='line_1_25' title="bbox 246 2053 1906 2133; baseline 0.001 -14"><span class='ocrx_word' id='word_1_171' title='bbox 246 2057 462 2119; x_wconf 87' lang='grc' dir='ltr'><strong>ΧΧΧΙ.</strong></span> <span class='ocrx_word' id='word_1_172' title='bbox 509 2056 708 2122; x_wconf 70' lang='lat' dir='ltr'>caesar,</span> <span class='ocrx_word' id='word_1_173' title='bbox 749 2056 844 2113; x_wconf 80' lang='lat' dir='ltr'>etii</span> <span class='ocrx_word' id='word_1_174' title='bbox 887 2054 1055 2122; x_wconf 86' lang='lat' dir='ltr'>idem,</span> <span class='ocrx_word' id='word_1_175' title='bbox 1098 2054 1248 2132; x_wconf 91' lang='lat' dir='ltr'>quod</span> <span class='ocrx_word' id='word_1_176' title='bbox 1282 2053 1648 2133; x_wconf 83' lang='lat' dir='ltr'>superioribus</span> <span class='ocrx_word' id='word_1_177' title='bbox 1711 2058 1906 2120; x_wconf 85' lang='lat' dir='ltr'>diebus</span> 
     </span>
     <span class='ocr_line' id='line_1_26' title="bbox 171 2132 1908 2213; baseline 0 -15"><span class='ocrx_word' id='word_1_178' title='bbox 171 2140 465 2205; x_wconf 84' lang='lat' dir='ltr'>acciderat,</span> <span class='ocrx_word' id='word_1_179' title='bbox 507 2135 623 2193; x_wconf 88' lang='lat' dir='ltr'>fore</span> <span class='ocrx_word' id='word_1_180' title='bbox 652 2132 874 2192; x_wconf 87' lang='lat' dir='ltr'>videbat</span> <span class='ocrx_word' id='word_1_181' title='bbox 897 2155 914 2199; x_wconf 73' lang='grc' dir='ltr'>ς</span> <span class='ocrx_word' id='word_1_182' title='bbox 958 2148 1034 2201; x_wconf 90' lang='lat' dir='ltr'>ut,</span> <span class='ocrx_word' id='word_1_183' title='bbox 1065 2134 1104 2192; x_wconf 77' lang='lat' dir='ltr'>si</span> <span class='ocrx_word' id='word_1_184' title='bbox 1131 2136 1297 2194; x_wconf 67' lang='lat' dir='ltr'>essent</span> <span class='ocrx_word' id='word_1_185' title='bbox 1325 2134 1498 2194; x_wconf 85' lang='lat' dir='ltr'>hostes</span> <span class='ocrx_word' id='word_1_186' title='bbox 1526 2137 1682 2213; x_wconf 76' lang='lat' dir='ltr'>pulfi,</span> <span class='ocrx_word' id='word_1_187' title='bbox 1714 2140 1908 2198; x_wconf 81' lang='lat' dir='ltr'>celeri-</span> 
     </span>
     <span class='ocr_line' id='line_1_27' title="bbox 169 2213 1909 2296; baseline 0.001 -20"><span class='ocrx_word' id='word_1_188' title='bbox 169 2234 280 2277; x_wconf 88' lang='lat' dir='ltr'>tate</span> <span class='ocrx_word' id='word_1_189' title='bbox 307 2215 612 2296; x_wconf 87' lang='lat' dir='ltr'>periculum</span> <span class='ocrx_word' id='word_1_190' title='bbox 642 2216 976 2291; x_wconf 65' lang='lat' dir='ltr'>effuget-eun</span> <span class='ocrx_word' id='word_1_191' title='bbox 1026 2227 1209 2271; x_wconf 87' lang='lat' dir='ltr'>tamen</span> <span class='ocrx_word' id='word_1_192' title='bbox 1253 2213 1441 2272; x_wconf 66' lang='lat' dir='ltr'>nactus</span> <span class='ocrx_word' id='word_1_193' title='bbox 1486 2217 1702 2293; x_wconf 84' lang='lat' dir='ltr'>equites</span> <span class='ocrx_word' id='word_1_194' title='bbox 1749 2219 1909 2277; x_wconf 87' lang='lat' dir='ltr'>circi-</span> 
     </span>
     <span class='ocr_line' id='line_1_28' title="bbox 174 2291 1909 2373; baseline 0.001 -17"><span class='ocrx_word' id='word_1_195' title='bbox 174 2314 250 2356; x_wconf 86' lang='lat' dir='ltr'>ter</span> <span class='ocrx_word' id='word_1_196' title='bbox 301 2315 458 2360; x_wconf 78' lang='lat' dir='ltr'>xxx.</span> <span class='ocrx_word' id='word_1_197' title='bbox 501 2312 640 2373; x_wconf 88' lang='lat' dir='ltr'>quos</span> <span class='ocrx_word' id='word_1_198' title='bbox 686 2293 917 2351; x_wconf 87' lang='lat' dir='ltr'>Comius</span> <span class='ocrx_word' id='word_1_199' title='bbox 965 2291 1218 2360; x_wconf 78' lang='lat' dir='ltr'>Atrebas,</span> <span class='ocrx_word' id='word_1_200' title='bbox 1259 2294 1331 2351; x_wconf 87' lang='lat' dir='ltr'>de</span> <span class='ocrx_word' id='word_1_201' title='bbox 1373 2311 1487 2370; x_wconf 88' lang='lat' dir='ltr'>quo</span> <span class='ocrx_word' id='word_1_202' title='bbox 1528 2293 1658 2353; x_wconf 72' lang='lat' dir='ltr'>ante</span> <span class='ocrx_word' id='word_1_203' title='bbox 1699 2295 1909 2359; x_wconf 68' lang='lat' dir='ltr'>dictum</span> 
     </span>
     <span class='ocr_line' id='line_1_29' title="bbox 175 2370 1913 2450; baseline 0.001 -15"><span class='ocrx_word' id='word_1_204' title='bbox 175 2379 264 2443; x_wconf 80' lang='lat' dir='ltr'>est,</span> <span class='ocrx_word' id='word_1_205' title='bbox 306 2375 488 2434; x_wconf 86' lang='lat' dir='ltr'>secum</span> <span class='ocrx_word' id='word_1_206' title='bbox 535 2370 1026 2449; x_wconf 80' lang='lat' dir='ltr'>transportaverat3</span> <span class='ocrx_word' id='word_1_207' title='bbox 1070 2370 1318 2449; x_wconf 82' lang='lat' dir='ltr'>legiones</span> <span class='ocrx_word' id='word_1_208' title='bbox 1362 2372 1420 2429; x_wconf 90' lang='lat' dir='ltr'>in</span> <span class='ocrx_word' id='word_1_209' title='bbox 1462 2373 1578 2430; x_wconf 87' lang='lat' dir='ltr'>acie</span> <span class='ocrx_word' id='word_1_210' title='bbox 1605 2392 1707 2450; x_wconf 87' lang='lat' dir='ltr'>pro</span> <span class='ocrx_word' id='word_1_211' title='bbox 1732 2377 1913 2437; x_wconf 81' lang='lat' dir='ltr'>castris</span> 
     </span>
     <span class='ocr_line' id='line_1_30' title="bbox 176 2449 1913 2527; baseline 0 -13"><span class='ocrx_word' id='word_1_212' title='bbox 176 2455 473 2514; x_wconf 87' lang='lat' dir='ltr'>constituit.</span> <span class='ocrx_word' id='word_1_213' title='bbox 558 2450 864 2509; x_wconf 84' lang='lat' dir='ltr'>Commisso</span> <span class='ocrx_word' id='word_1_214' title='bbox 907 2449 1126 2527; x_wconf 83' lang='lat' dir='ltr'>proeli0,</span> <span class='ocrx_word' id='word_1_215' title='bbox 1169 2450 1373 2508; x_wconf 86' lang='lat' dir='ltr'>diutius</span> <span class='ocrx_word' id='word_1_216' title='bbox 1419 2454 1724 2512; x_wconf 86' lang='lat' dir='ltr'>nostrorum</span> <span class='ocrx_word' id='word_1_217' title='bbox 1765 2455 1913 2514; x_wconf 78' lang='lat' dir='ltr'>mili-</span> 
     </span>
     <span class='ocr_line' id='line_1_31' title="bbox 178 2529 1915 2611; baseline -0.005 -17"><span class='ocrx_word' id='word_1_218' title='bbox 178 2549 291 2594; x_wconf 87' lang='lat' dir='ltr'>tum</span> <span class='ocrx_word' id='word_1_219' title='bbox 321 2535 593 2608; x_wconf 87' lang='lat' dir='ltr'>impetum</span> <span class='ocrx_word' id='word_1_220' title='bbox 621 2531 792 2603; x_wconf 69' lang='lat' dir='ltr'>hostes</span> <span class='ocrx_word' id='word_1_221' title='bbox 819 2529 958 2586; x_wconf 85' lang='lat' dir='ltr'>ferre</span> <span class='ocrx_word' id='word_1_222' title='bbox 986 2547 1097 2585; x_wconf 89' lang='lat' dir='ltr'>non</span> <span class='ocrx_word' id='word_1_223' title='bbox 1141 2541 1457 2607; x_wconf 85' lang='lat' dir='ltr'>potuerunt,</span> <span class='ocrx_word' id='word_1_224' title='bbox 1498 2543 1564 2588; x_wconf 84' lang='lat' dir='ltr'>ac</span> <span class='ocrx_word' id='word_1_225' title='bbox 1602 2539 1756 2611; x_wconf 80' lang='lat' dir='ltr'>terga</span> <span class='ocrx_word' id='word_1_226' title='bbox 1791 2553 1915 2592; x_wconf 84' lang='lat' dir='ltr'>ver.</span> 
     </span>
     <span class='ocr_line' id='line_1_32' title="bbox 177 2603 1915 2689; baseline -0.003 -20"><span class='ocrx_word' id='word_1_227' title='bbox 177 2626 389 2671; x_wconf 87' lang='lat' dir='ltr'>terunt:</span> <span class='ocrx_word' id='word_1_228' title='bbox 434 2630 575 2689; x_wconf 82' lang='lat' dir='ltr'>quos</span> <span class='ocrx_word' id='word_1_229' title='bbox 602 2603 758 2667; x_wconf 74' lang='lat' dir='ltr'>tanto</span> <span class='ocrx_word' id='word_1_230' title='bbox 784 2605 956 2684; x_wconf 88' lang='lat' dir='ltr'>spatio</span> <span class='ocrx_word' id='word_1_231' title='bbox 983 2605 1168 2676; x_wconf 74' lang='lat' dir='ltr'>secuti,</span> <span class='ocrx_word' id='word_1_232' title='bbox 1212 2624 1481 2686; x_wconf 84' lang='lat' dir='ltr'>quantum</span> <span class='ocrx_word' id='word_1_233' title='bbox 1522 2610 1676 2668; x_wconf 85' lang='lat' dir='ltr'>cursu</span> <span class='ocrx_word' id='word_1_234' title='bbox 1704 2611 1756 2672; x_wconf 69' lang='grc' dir='ltr'>δι</span> <span class='ocrx_word' id='word_1_235' title='bbox 1784 2615 1915 2671; x_wconf 84' lang='lat' dir='ltr'>viri..</span> 
     </span>
     <span class='ocr_line' id='line_1_33' title="bbox 179 2686 1915 2764; baseline 0.001 -15"><span class='ocrx_word' id='word_1_236' title='bbox 179 2690 276 2749; x_wconf 91' lang='lat' dir='ltr'>bus</span> <span class='ocrx_word' id='word_1_237' title='bbox 303 2692 519 2749; x_wconf 87' lang='lat' dir='ltr'>efficere</span> <span class='ocrx_word' id='word_1_238' title='bbox 548 2702 844 2764; x_wconf 84' lang='lat' dir='ltr'>potuerunt</span> <span class='ocrx_word' id='word_1_239' title='bbox 860 2712 880 2753; x_wconf 70' lang='lat'>3</span> <span class='ocrx_word' id='word_1_240' title='bbox 907 2686 1220 2763; x_wconf 87' lang='lat' dir='ltr'>complures</span> <span class='ocrx_word' id='word_1_241' title='bbox 1247 2705 1318 2745; x_wconf 86' lang='lat' dir='ltr'>ex</span> <span class='ocrx_word' id='word_1_242' title='bbox 1344 2687 1409 2745; x_wconf 83' lang='lat' dir='ltr'>iis</span> <span class='ocrx_word' id='word_1_243' title='bbox 1435 2688 1788 2760; x_wconf 80' lang='lat' dir='ltr'>occiderunt3</span> <span class='ocrx_word' id='word_1_244' title='bbox 1816 2692 1915 2750; x_wconf 90' lang='lat' dir='ltr'>de-</span> 
     </span>
     <span class='ocr_line' id='line_1_34' title="bbox 178 2763 1917 2844; baseline 0.002 -16"><span class='ocrx_word' id='word_1_245' title='bbox 178 2770 326 2838; x_wconf 84' lang='lat' dir='ltr'>inde,</span> <span class='ocrx_word' id='word_1_246' title='bbox 369 2768 631 2827; x_wconf 85' lang='lat' dir='ltr'>omnibus</span> <span class='ocrx_word' id='word_1_247' title='bbox 658 2764 828 2844; x_wconf 64' lang='lat' dir='ltr'>longe</span> <span class='ocrx_word' id='word_1_248' title='bbox 854 2764 1072 2843; x_wconf 65' lang='lat' dir='ltr'>iateque</span> <span class='ocrx_word' id='word_1_249' title='bbox 1113 2763 1354 2823; x_wconf 71' lang='lat' dir='ltr'>aedificiis</span> <span class='ocrx_word' id='word_1_250' title='bbox 1381 2766 1613 2826; x_wconf 61' lang='lat' dir='ltr'>adflictis</span> <span class='ocrx_word' id='word_1_251' title='bbox 1659 2770 1917 2831; x_wconf 61' lang='lat' dir='ltr'>incensis?-</span> 
     </span>
     <span class='ocr_line' id='line_1_35' title="bbox 183 2848 1048 2927; baseline -0.006 -20"><span class='ocrx_word' id='word_1_252' title='bbox 183 2869 304 2927; x_wconf 89' lang='lat' dir='ltr'>que,</span> <span class='ocrx_word' id='word_1_253' title='bbox 347 2848 400 2905; x_wconf 82' lang='lat' dir='ltr'>se</span> <span class='ocrx_word' id='word_1_254' title='bbox 431 2848 484 2904; x_wconf 90' lang='lat' dir='ltr'>in</span> <span class='ocrx_word' id='word_1_255' title='bbox 522 2848 687 2917; x_wconf 85' lang='lat' dir='ltr'>castra</span> <span class='ocrx_word' id='word_1_256' title='bbox 712 2860 1048 2922; x_wconf 86' lang='lat' dir='ltr'>receperunt.</span> 
     </span>
    </p>

    <p class='ocr_par' dir='ltr' id='par_1_6' title="bbox 186 2921 1936 3449">
     <span class='ocr_line' id='line_1_36' title="bbox 258 2921 1922 3003; baseline 0.003 -17"><span class='ocrx_word' id='word_1_257' title='bbox 258 2928 500 2986; x_wconf 83' lang='lat' dir='ltr'>XXXII.</span> <span class='ocrx_word' id='word_1_258' title='bbox 547 2924 765 2983; x_wconf 86' lang='lat' dir='ltr'>E&#39;odem</span> <span class='ocrx_word' id='word_1_259' title='bbox 790 2924 879 2981; x_wconf 88' lang='lat' dir='ltr'>die</span> <span class='ocrx_word' id='word_1_260' title='bbox 913 2922 1080 3003; x_wconf 87' lang='lat' dir='ltr'>legati</span> <span class='ocrx_word' id='word_1_261' title='bbox 1129 2921 1201 2980; x_wconf 89' lang='lat' dir='ltr'>ab</span> <span class='ocrx_word' id='word_1_262' title='bbox 1230 2922 1468 2983; x_wconf 86' lang='lat' dir='ltr'>hostibus</span> <span class='ocrx_word' id='word_1_263' title='bbox 1515 2925 1649 2985; x_wconf 87' lang='lat' dir='ltr'>missi</span> <span class='ocrx_word' id='word_1_264' title='bbox 1694 2929 1763 2987; x_wconf 92' lang='lat' dir='ltr'>ad</span> <span class='ocrx_word' id='word_1_265' title='bbox 1795 2932 1922 2991; x_wconf 82' lang='lat' dir='ltr'>Cae-</span> 
     </span>
     <span class='ocr_line' id='line_1_37' title="bbox 188 3002 1926 3080; baseline 0.002 -15"><span class='ocrx_word' id='word_1_266' title='bbox 188 3004 350 3065; x_wconf 84' lang='lat' dir='ltr'>sarem</span> <span class='ocrx_word' id='word_1_267' title='bbox 381 3006 453 3062; x_wconf 89' lang='lat' dir='ltr'>de</span> <span class='ocrx_word' id='word_1_268' title='bbox 502 3022 639 3080; x_wconf 87' lang='lat' dir='ltr'>pace</span> <span class='ocrx_word' id='word_1_269' title='bbox 680 3009 989 3061; x_wconf 79' lang='lat' dir='ltr'>venerunt.‘</span> <span class='ocrx_word' id='word_1_270' title='bbox 1049 3002 1157 3060; x_wconf 85' lang='lat' dir='ltr'>His</span> <span class='ocrx_word' id='word_1_271' title='bbox 1213 3003 1391 3061; x_wconf 69' lang='lat' dir='ltr'>Caesar</span> <span class='ocrx_word' id='word_1_272' title='bbox 1439 3024 1736 3066; x_wconf 47' lang='lat' dir='ltr'>*numerum</span> <span class='ocrx_word' id='word_1_273' title='bbox 1782 3011 1926 3068; x_wconf 84' lang='lat' dir='ltr'>obfi-</span> 
     </span>
     <span class='ocr_line' id='line_1_38' title="bbox 189 3080 1926 3165; baseline 0.002 -24"><span class='ocrx_word' id='word_1_274' title='bbox 189 3086 316 3144; x_wconf 90' lang='lat' dir='ltr'>dum</span> <span class='ocrx_word' id='word_1_275' title='bbox 363 3103 535 3163; x_wconf 85' lang='lat' dir='ltr'>quem</span> <span class='ocrx_word' id='word_1_276' title='bbox 583 3095 747 3140; x_wconf 83' lang='lat' dir='ltr'>antea</span> <span class='ocrx_word' id='word_1_277' title='bbox 799 3083 1180 3162; x_wconf 75' lang='lat' dir='ltr'>imperaverat,</span> <span class='ocrx_word' id='word_1_278' title='bbox 1220 3080 1582 3159; x_wconf 46' lang='lat' dir='ltr'>duplicavitr</span> <span class='ocrx_word' id='word_1_279' title='bbox 1620 3086 1819 3165; x_wconf 74' lang='lat' dir='ltr'>eosque</span> <span class='ocrx_word' id='word_1_280' title='bbox 1868 3090 1926 3144; x_wconf 91' lang='lat' dir='ltr'>in</span> 
     </span>
     <span class='ocr_line' id='line_1_39' title="bbox 187 3159 1934 3241; baseline 0.001 -22"><span class='ocrx_word' id='word_1_281' title='bbox 187 3165 563 3222; x_wconf 88' lang='lat' dir='ltr'>continentem</span> <span class='ocrx_word' id='word_1_282' title='bbox 595 3160 792 3218; x_wconf 88' lang='lat' dir='ltr'>adduci</span> <span class='ocrx_word' id='word_1_283' title='bbox 813 3161 1006 3235; x_wconf 78' lang='lat' dir='ltr'>juflit3</span> <span class='ocrx_word' id='word_1_284' title='bbox 1046 3159 1220 3238; x_wconf 75' lang='lat' dir='ltr'>quod,</span> <span class='ocrx_word' id='word_1_285' title='bbox 1265 3162 1577 3239; x_wconf 65' lang='lat' dir='ltr'>propinqua</span> <span class='ocrx_word' id='word_1_286' title='bbox 1620 3164 1710 3220; x_wconf 87' lang='lat' dir='ltr'>die</span> <span class='ocrx_word' id='word_1_287' title='bbox 1758 3168 1934 3241; x_wconf 83' lang='lat' dir='ltr'>aequi-</span> 
     </span>
     <span class='ocr_line' id='line_1_40' title="bbox 189 3238 1934 3317; baseline -0.001 -17"><span class='ocrx_word' id='word_1_288' title='bbox 189 3244 378 3310; x_wconf 65' lang='lat' dir='ltr'>nomi,</span> <span class='ocrx_word' id='word_1_289' title='bbox 422 3239 654 3298; x_wconf 81' lang='lat' dir='ltr'>infirmis</span> <span class='ocrx_word' id='word_1_290' title='bbox 686 3240 933 3307; x_wconf 86' lang='lat' dir='ltr'>navibus,</span> <span class='ocrx_word' id='word_1_291' title='bbox 976 3238 1165 3316; x_wconf 85' lang='lat' dir='ltr'>hyemi</span> <span class='ocrx_word' id='word_1_292' title='bbox 1206 3240 1613 3317; x_wconf 83' lang='lat' dir='ltr'>navigationem</span> <span class='ocrx_word' id='word_1_293' title='bbox 1645 3242 1934 3317; x_wconf 81' lang='lat' dir='ltr'>subjicien-</span> 
     </span>
     <span class='ocr_line' id='line_1_41' title="bbox 186 3318 1936 3449; baseline -0.004 -69"><span class='ocrx_word' id='word_1_294' title='bbox 186 3321 316 3383; x_wconf 78' lang='lat' dir='ltr'>dam</span> <span class='ocrx_word' id='word_1_295' title='bbox 368 3340 483 3384; x_wconf 83' lang='lat' dir='ltr'>non</span> <span class='ocrx_word' id='word_1_296' title='bbox 517 3377 521 3384; x_wconf 76' lang='lat'><em>,</em></span> <span class='ocrx_word' id='word_1_297' title='bbox 557 3318 922 3381; x_wconf 80' lang='lat' dir='ltr'>existimabat.</span> <span class='ocrx_word' id='word_1_298' title='bbox 1052 3318 1177 3396; x_wconf 83' lang='lat' dir='ltr'>Ipse</span> <span class='ocrx_word' id='word_1_299' title='bbox 1232 3319 1490 3377; x_wconf 82' lang='lat' dir='ltr'>idoneam</span> <span class='ocrx_word' id='word_1_300' title='bbox 1560 3321 1936 3449; x_wconf 55' lang='lat' dir='ltr'>tempestigem</span> 
     </span>
    </p>

    <p class='ocr_par' dir='ltr' id='par_1_7' title="bbox 1730 3409 1937 3457">
     <span class='ocr_line' id='line_1_42' title="bbox 1730 3409 1937 3457; baseline -0.029 -6"><span class='ocrx_word' id='word_1_301' title='bbox 1730 3411 1798 3451; x_wconf 84' lang='lat' dir='ltr'>ua</span> <span class='ocrx_word' id='word_1_302' title='bbox 1858 3409 1937 3457; x_wconf 84' lang='lat' dir='ltr'>us,</span> 
     </span>
    </p>
   </div>
  </div>
 </body>
</html>
