2169 3766
228 130 380 196 414
458 95 473 107 ⁸
578 110 664 182 C.
723 111 1041 202 Jui,11
1101 110 1638 185 CAEsAms

224 236 366 313 grati
409 236 535 301 este,
571 236 857 294 debebunt
885 238 1212 314 Pompeium
1258 237 1488 305 hortari,
1533 251 1597 297 ut
1626 238 1792 297 malit
1833 241 1980 299 mihi

223 317 331 372 effe
358 317 589 382 amicus,
618 334 787 391 quam
816 317 903 384 iis,
937 319 1031 392 qui
1061 322 1113 373 δε
1141 318 1218 373 illi
1250 322 1302 372 δε
1331 317 1471 374 mihi
1501 316 1721 394 semper
1752 320 1986 377 fuerunt

224 393 601 451 inimiciffimiz
652 414 885 469 quorum
916 394 1158 452 artificiis
1188 395 1445 453 effefium
1472 398 1570 465 est,
1616 409 1674 455 ut
1707 398 1890 476 Resp.
1921 400 1984 458 in

227 474 378 530 hune
405 473 600 530 statum
628 473 958 549 perveniret.
1151 485 1161 493 ‘

509 605 625 682 Pag
678 623 704 678 3
718 602 809 680 56.
853 602 1031 675 Caesar
1060 605 1225 679 Oppio
1253 602 1323 663 δέ
1350 604 1582 661 Cornelio
1611 606 1672 662 S.

308 684 380 740 A.
421 681 477 739 d.
524 702 618 738 νιι
673 682 754 736 ld.
800 682 970 739 Mart.
1013 681 1364 739 Brundisium
1409 682 1572 739 veni:
1621 683 1975 740 ad·murum

221 762 389 822 castra
415 759 590 836 posui.
673 761 967 835 Pompeius
995 761 1069 817 est
1097 759 1403 817 Brundifii:
1452 761 1595 817 mifit
1624 762 1694 818 ad
1730 781 1824 818 me
1858 763 1972 819 Cn.

224 841 483 918 Magium
528 836 598 896 de
641 857 807 913 pace·
858 859 984 913 quae
1013 838 1125 894 visa
1153 837 1294 905 sunt,
1335 838 1611 915 respondi.
1704 840 1843 895 Hoc
1877 859 1976 897 vos

222 919 396 974 statim
440 916 571 974 scire
599 916 767 974 volui.
851 920 1039 994 Qum
1082 917 1138 973 in
1177 917 1328 991 spem
1357 935 1585 982 venere,
1628 917 1699 974 de
1731 937 1972 994 compo-

225 998 417 1052 fitione
440 995 647 1073 aliquid
680 1015 769 1052 me
789 1004 1091 1061 conticere,
1119 996 1294 1052 statim
1324 1014 1420 1053 vos
1445 997 1708 1053 certiores
1736 996 1971 1055 faciam.

224 1075 281 1131 V
285 1075 446 1133 alete.

729 1151 1065 1227 Epistolarum
1102 1153 1439 1228 Fragmenta.

567 1230 699 1307 Pag
737 1250 827 1308 75.
874 1230 1045 1287 Cicero
1074 1231 1135 1287 C.
1166 1233 1363 1304 Caesari
1390 1230 1518 1306 Imp.
1549 1231 1608 1287 S.

222 1309 473 1365 -literae
499 1308 625 1367 mihi
649 1313 839 1365 dantur
864 1332 900 1365 a
926 1322 976 1364 te
999 1307 1175 1385 quibus
1187 1314 1253 1365 in
1279 1314 1517 1365 extremis
1543 1310 1799 1384 striptum
1825 1326 1962 1377 erat,

223 1389 311 1444 M.
346 1386 563 1444 Orfium
605 1406 768 1464 quem
815 1386 953 1444 mihi
981 1387 1362 1453 commendas,
1404 1388 1494 1445 vel
1533 1406 1722 1466 regem
1756 1390 1964 1447 Galliae

222 1468 448 1529 faciam,
490 1465 579 1521 vel
622 1467 815 1540 Leptae
857 1466 1123 1544 legatum.
1206 1466 1263 1523 Si
1306 1464 1389 1522 vis
1425 1480 1506 1534 tu,
1545 1470 1620 1524 ad
1665 1487 1757 1525 me
1787 1469 1964 1525 alium

220 1545 400 1611 mitte,
430 1563 595 1620 quem
624 1562 834 1601 ornem.

673 1667 808 1745 Pag.
844 1684 975 1741 337.
1022 1667 1198 1724 Cicero
1227 1667 1400 1724 Attico
1427 1667 1514 1725 S.

298 1750 501 1824 Qodq
502 1749 678 1812 uaeris,
718 1751 840 1821 quin
871 1746 1051 1808 Caesar
1076 1747 1148 1802 ad
1163 1767 1239 1803 me
1252 1746 1558 1821 stripserit:
1601 1748 1763 1823 Quod
1775 1747 1950 1821 saep53

220 1827 572 1903 gratiflirnum
615 1824 713 1882 fibi
714 1825 866 1894 effe,
909 1822 1061 1903 quod
1104 1823 1375 1902 quierim:
1420 1822 1676 1902 oratque
1691 1827 1752 1883 in
1789 1843 1852 1887 eo
1893 1836 1947 1880 ut

217 1904 839 1982 perseverem..

925 1982 1060 2060 Pag·
1104 1981 1262 2060 365-

292 2063 444 2138 Qtod
464 2063 652 2138 quidem
670 2064 1014 2136 propemodum
1034 2065 1215 2118 videor
1233 2081 1297 2117 ex
1319 2056 1552 2133 Caesaris
1573 2059 1784 2127 litteris,
1809 2058 1945 2134 ipsius

218 2142 491 2196 voluntate
512 2145 697 2213 facere
731 2155 761 2212 p
769 2143 887 2216 βξ
932 2143 1018 2216 qui
1046 2153 1200 2231 negat
1229 2157 1413 2214 neque
1453 2140 1738 2196 honestius
1776 2155 1943 2212 neque

217 2220 382 2275 tutius
426 2216 561 2276 mihi
603 2219 907 2296 quidquam
939 2219 1060 2282 esse,
1100 2237 1268 2296 quam
1297 2219 1370 2274 ab
1397 2218 1555 2276 omni
1596 2217 1948 2275 contentione

217 2298 415 2355 abesse.

919 2375 1055 2454 Pag
1100 2370 1232 2453 397

294 2455 472 2537 Sestius
510 2454 648 2528 apud
680 2474 753 2510 me
773 2457 930 2526 fuit;
974 2453 1044 2512 {35
1078 2457 1404 2527 Theopompus
1433 2455 1640 2528 pridie:
1685 2449 1941 2526 «υεηὶβὶὰ

216 2535 422 2599 Οεε]ι·υε
460 2533 717 2588 narrabat
757 2533 994 2588 litteras:
1045 2532 1135 2588 hoc
1155 2531 1403 2604 firibere,
1447 2531 1546 2587 fibi
1573 2545 1804 2589 certum
1845 2531 1941 2586 effe

208 2613 409 2674 Romae
456 2631 708 2675 manere3
751 2610 1035 2686 caula'mque
1074 2632 1183 2667 eam
1224 2607 1523 2680 acha-ribere,
1582 2631 1701 2684 quae
1742 2625 1855 2665 erat
1889 2613 1939 2662 in

209 2691 412 2764 epistolii
452 2690 637 2764 nastrd,
696 2708 762 2743 ne
803 2687 855 2743 se
897 2690 1118 2744 absente
1168 2689 1317 2766 leges
1360 2687 1467 2743 suae
1508 2689 1938 2765 negligerentur,

206 2768 341 2824 sicut
368 2769 493 2824 ess'et
519 2768 770 2845 negiedia
796 2767 1171 2844 Sumptuaria.

563 2909 695 2987 Pag.
732 2927 863 2986 232.
905 2910 1116 2967 Marcus
1148 2911 1344 2984 Qinto
1369 2909 1583 2964 Fratri.
1735 2902 1798 2977 ’ψ

286 2987 493 3044 -Sed
536 2988 670 3044 heus
716 3001 796 3056 tu,
835 2988 999 3044 celari
1044 2988 1235 3043 videor
1275 3008 1308 3043 a
1348 2987 1436 3042 te!
1494 2986 1936 3062 quomodonam,

207 3067 286 3123 mi
333 3067 537 3130 Frater,
594 3067 662 3122 de
707 3066 893 3122 nostris
934 3066 1172 3123 versibus
1217 3063 1434 3120 Caesar?
1495 3064 1654 3121 Nam
1698 3068 1935 3140 primum

204 3138 406 3202 librum
446 3142 496 3198 se
533 3144 740 3219 legiffe,
783 3141 989 3218 scripfit
1014 3145 1088 3200 ad
1129 3163 1219 3200 me
1249 3157 1409 3207 ante3
1454 3147 1503 3198 δι
1535 3144 1721 3218 prima
1749 3144 1842 3202 fic.
1884 3156 1938 3198 ut

203 3234 373 3297 negat
401 3219 450 3276 se
483 3238 550 3276 ne
579 3224 781 3278 Graeca
794 3223 1035 3298 quidem
1063 3222 1293 3278 meliora
1320 3220 1525 3310 legisse.
1595 3220 1839 3298 Reliqua
1868 3220 1934 3275 ad

202 3298 483 3372 quendam
507 3297 689 3358 locum
720 3299 937 3376 ξαθυμω
927 3324 1058 3378 sem
1097 3300 1206 3358 hoc
1234 3300 1382 3357 enim
1413 3298 1579 3357 utitur
1608 3300 1932 3455 verb0‚P&c.

1843 3394 1911 3430 ao·
