2169 3766
516 192 617 240 nn
679 169 946 241 Beato
993 171 1366 244 GAmeo
1419 168 1602 243 Lm.
1660 171 1717 245 1.
1906 196 1992 271 13

238 297 649 377 perfregerunt.
732 298 821 357 Ea
875 298 1120 376 disjecta,
1162 298 1654 378 gladiisdistriffis,
1682 298 1739 359 in
1767 318 1859 357 eos
1887 299 1995 358 im·

241 392 435 455 petum
464 378 739 449 fecerunt.
806 378 986 436 Gallis
1015 399 1220 458 magno
1244 380 1311 434 ad
1343 398 1584 456 pugnarn
1618 396 1733 437 erat
1760 378 1997 456 impedi·

248 471 460 522 mento,
523 455 702 534 quod,
749 456 994 533 pluribus
1038 477 1228 517 eorum
1257 457 1416 515 scutis
1463 478 1573 515 uno
1615 460 1722 516 iftu
1754 460 1996 536 pilorum

246 535 520 593 transfixis
551 542 603 592 δε
633 535 927 614 colligatis,
957 557 1127 612 quum
1158 537 1362 593 ferrum
1389 537 1441 594 se
1469 537 1771 604 inflexisset,
1814 554 2002 614 neque

243 615 505 679 evellere,
544 633 750 691 neque,
794 615 997 673 sinistra
1026 608 1314 691 impedita,
1359 614 1479 689 satis
1521 616 1815 674 comniode
1853 635 1998 693 pug-

244 713 379 750 nare
428 709 723 769 poterant:
768 693 928 751 multi
960 710 1038 761 ut,
1081 695 1178 752 diu
1202 695 1408 770 jaciato
1436 694 1678 761 brachie,
1723 708 1998 772 praeopta·

244 789 370 830 rent
397 772 609 830 scutum
644 790 811 829 manu
851 774 1122 840 emittere,
1166 780 1218 831 &
1261 774 1409 830 nudo
1451 792 1681 850 corpore
1712 770 1993 853 pugnareg

247 851 502 915 tandem,
547 851 864 908 vulneribus
907 852 1109 919 defefli,
1151 859 1205 924 βε
1242 854 1440 926 pedem
1470 853 1685 922 referre,
1727 859 1798 920 &‚
1841 852 1997 931 quod

245 949 411 988 mons
442 930 660 988 suberat
703 933 914 988 circiter
943 932 1096 990 mille
1132 932 1399 1009 passuum,
1436 929 1504 987 εό
1530 932 1583 989 se
1609 933 1848 1008 recipere
1876 953 1998 990 coe-

247 1026 473 1088 perone.
504 1072 511 1075 ,
540 1009 748 1084 „Capto
792 1028 1000 1076 monte,
1043 1017 1095 1069 δε
1137 1009 1545 1068 succedentibus
1588 1012 1821 1076 nostris;
1874 1011 1996 1070 Boii

249 1094 305 1146 δι
335 1088 597 1165 Tulingi,
641 1088 736 1165 qui
793 1089 1084 1146 hominum
1142 1089 1388 1146 millibus
1418 1089 1630 1146 circiter
1680 1109 1764 1146 xv
1794 1107 1997 1169 agmen

248 1167 488 1224 hostium
519 1166 871 1234 claudebant,
916 1175 967 1226 δε
998 1169 1287 1225 noviffimis
1318 1168 1566 1244 praefidio
1593 1183 1768 1233 erant,
1809 1189 1877 1228 ex
1904 1172 1999 1228 iti·

252 1265 408 1304 nere.
430 1248 637 1305 nostros
670 1247 836 1304 latere
861 1243 1053 1320 a‘perto
1080 1248 1325 1325 aggreffi,
1369 1248 1804 1316 circumvenire3
1845 1254 1895 1306 &
1937 1249 1997 1308 id

246 1325 557 1402 conspicati
589 1325 856 1391 Helvetii,
887 1326 980 1404 qui
1010 1327 1064 1383 in
1096 1344 1343 1385 montem
1368 1326 1471 1382 sese
1497 1343 1834 1403 receperant,
1877 1348 1999 1386 rur·-
2027 1366 2036 1370 -

246 1406 339 1462 sus
366 1405 579 1469 instare,
608 1409 659 1460 δι
685 1405 948 1481 proelium
977 1407 1346 1482 redintegrare
1364 1420 1670 1481 coeperuvnt.
1755 1407 1997 1465 Romani

249 1482 515 1542 conversa
543 1484 695 1561 signa
743 1483 1037 1560 tripartito*
1067 1485 1403 1542 intulerunt:
1448 1484 1627 1562 prima
1660 1504 1723 1542 ac
1765 1484 1998 1545 secunda

250 1564 422 1630 acies„
466 1578 527 1621 ut
554 1563 709 1620 viciis
734 1582 800 1620 ac
827 1561 1089 1621 submotis
1117 1560 1407 1621 resisteret:
1453 1564 1633 1631 tertia,
1680 1581 1737 1622 ut
1769 1567 1994 1623 venien·

252 1656 339 1700 tes
365 1643 665 1718 exciperet.
749 1643 855 1708 lta,
884 1692 885 1697 ,
916 1643 1141 1720 ancipiti
1183 1642 1401 1719 proelio,
1454 1642 1548 1700 diu
1592 1658 1757 1721 atque
1800 1646 1999 1703 acriter

254 1736 571 1798 pugnatum
620 1721 711 1778 est.
794 1721 1017 1779 Diutius
1062 1738 1235 1800 quum
1267 1724 1562 1780 nostrorum
1594 1720 1997 1799 impermistus:-

252 1801 434 1857 tinere
464 1818 574 1857 non
605 1799 856 1877 poffent3
899 1801 1054 1858 alteri
1102 1802 1172 1865 se,
1220 1816 1279 1858 ut
1305 1815 1602 1878 coeperant,
1643 1802 1701 1859 in
1745 1817 1995 1861 montem

255 1895 588 1957 receperunt
622 1901 641 1947 ;
670 1879 855 1938 ‘alteri
902 1880 968 1937 ad
1019 1880 1418 1957 impedimenta
1458 1886 1509 1938 &
1549 1899 1727 1939 carros
1772 1881 1894 1942 suos
1943 1883 1996 1941 se

254 1961 634 2017 contulerunt.
718 1960 867 2028 Nam
901 1960 1006 2033 hoc
1032 1975 1151 2020 toto
1181 1961 1368 2033 poeno,
1413 1981 1585 2037 quum
1614 1959 1684 2017 ab
1710 1961 1847 2019 hori
1875 1962 1995 2039 sep-

251 2037 398 2096 tima
424 2038 493 2096 ad
522 2036 803 2115 vesperam
832 2040 1138 2117 pugnatum
1166 2040 1248 2105 fit,
1267 2038 1547 2097 adversum
1579 2038 1782 2098 hostem
1811 2041 1999 2098 videre

256 2137 426 2175 nemo
478 2120 679 2195 potuit.
765 2118 853 2175 Ad
898 2120 1128 2176 multam
1174 2121 1390 2186 noftem
1430 2119 1595 2177 etiarn
1642 2119 1707 2176 ad
1758 2119 1998 2198 impedi-

256 2214 450 2254 menta
481 2210 789 2275 pugnaturn
820 2198 892 2255 est
919 2219 938 2265 3
983 2214 1273 2274 propterea
1313 2198 1468 2276 quod
1498 2217 1599 2275 pro
1643 2199 1784 2256 vallo
1811 2218 1994 2270 carros

256 2273 595 2349 objecerant,
641 2279 691 2332 δι
741 2274 921 2335 eloco
949 2276 1223 2354 superiore
1270 2277 1325 2333 in
1375 2279 1579 2335 nostros
1598 2279 1882 2336 venientes
1911 2292 1993 2337 te-

256 2354 311 2412 la
337 2353 729 2429 conjiciebant,
772 2360 825 2412 86
854 2356 1104 2413 nonnulli
1153 2356 1294 2414 inter
1320 2374 1501 2413 carros
1529 2356 1682 2416 rotas
1716 2377 1781 2415 ue
1819 2372 1995 2416 mata-

258 2452 348 2490 ras
395 2452 460 2491 ac
513 2434 754 2512 tragulas
807 2432 1185 2509 subjiciebant,
1252 2434 1560 2512 nostrosque
1611 2378 1993 2496 v11inerabant.

259 2511 377 2569 Diu
406 2532 580 2591 quum
609 2514 739 2571 esset
764 2530 1097 2591 pugnaturn,
1130 2516 1541 2591 impedimentis
1567 2514 1854 2593 castrisque
1875 2516 1995 2574 nos-

259 2591 328 2649 tri
360 2593 523 2667 potiti
540 2592 694 2648 sunt.
776 2592 861 2649 Ibi
890 2592 1237 2671 Orgetorigis
1265 2594 1397 2657 filia,
1436 2609 1602 2672 atque
1632 2616 1767 2653 unus
1793 2595 1826 2652 ὲ
1872 2595 1996 2653 filiis

260 2687 455 2746 captus
483 2674 570 2727 est.
621 2671 703 2728 Ex
730 2688 797 2727 eo
826 2674 1022 2747 proeiio
1049 2673 1260 2731 circiter
1286 2673 1460 2731 millia
1490 2674 1775 2732 hominum
1819 2692 1992 2732 cxxx

260 2748 643 2825 superfuerunt
667 2771 680 2806 ε
712 2749 889 2828 eaque
916 2752 1043 2809 tora·
1061 2754 1219 2809 nocie
1244 2754 1587 2810 continenter
1609 2753 1787 2811 ierunt
1812 2776 1824 2809 :
1873 2753 1998 2808 nul·-

260 2828 372 2884 lam
401 2845 613 2904 partem
646 2832 818 2898 noffis
845 2830 1038 2887 itinere
1067 2831 1381 2899 intermisse,
1420 2834 1482 2894 in
1513 2832 1645 2889 fines
1670 2832 1998 2909 Lingonum

262 2900 352 2963 die
382 2927 449 2964 iv
481 2927 844 2983 pervenerunt
870 2930 886 2977 ς
916 2929 1098 2986 quum
1132 2916 1182 2968 δι
1214 2926 1435 2988 propter
1462 2912 1685 2969 vulnera
1732 2909 1997 2976 militum,

265 2990 318 3044 δι’
348 3004 573 3066 propter
597 2985 923 3063 sepulturam
946 2988 1267 3058 occisorum,
1311 2991 1474 3048 nostri
1500 2989 1740 3050 triduum
1770 2989 1996 3054 morati,

263 3081 356 3120 eos
384 3064 535 3136 sequi
579 3083 690 3122 non
737 3068 1043 3141 potuiffent.
1128 3069 1305 3126 Caesar
1348 3071 1416 3126 ad
1457 3069 1737 3147 Lingones
1790 3068 2001 3124 litteras

265 3142 601 3220 nunciusque
629 3144 789 3210 misit,
833 3166 904 3203 ne
940 3166 1032 3203 eos
1061 3146 1360 3212 statuente,
1404 3148 1542 3204 ne've
1587 3148 1697 3205 alia
1731 3163 1808 3212 re,
1838 3144 2002 3220 juva-

264 3239 387 3277 rent
410 3244 426 3277 ε
456 3223 553 3297 qui
581 3223 613 3279 fi
634 3223 910 3298 juvissent,
940 3226 989 3282 se
1015 3226 1211 3283 eodem
1239 3228 1361 3283 loco
1380 3228 1524 3302 illos,
1547 3241 1659 3304 quo
1691 3224 1999 3294 Helvetios,

210 3353 215 3358 .
267 3299 603 3358 habiturum.
688 3303 826 3377 Ipse,
849 3304 1031 3365 triduo
1053 3304 1374 3378 intermissu,
1402 3324 1531 3366 cum
1548 3303 1810 3376 omnibus?
1826 3302 2001 3379 copiis

264 3377 536 3457 msssequi
559 3381 745 3460 coepit.
958 3379 965 3386 ’
1691 3397 1694 3404 “
1842 3451 1984 3514 XXI

1987 3489 2007 3510 0
