2169 3766
456 128 580 181 nn
634 104 986 198 Basso
1035 99 1653 179 Arinen-tvo:
1778 107 1940 206 359²:

159 232 435 310 *Acillam
483 231 561 289 ire
588 228 894 289 contendit.
976 228 1218 294 Messius,
1279 228 1509 286 celerius
1558 228 1754 289 itinere
1791 250 1939 298 con-

160 315 344 381 fectu,
391 311 542 390 prior
590 307 828 367 Aciliam
870 326 996 365 cum
1043 303 1359 366 cohortibus
1404 310 1673 385 pervenit.
1717 364 1724 371 .
1765 311 1927 370 Con-
2015 344 2031 362 Ι

167 394 347 452 fidius
398 388 642 454 interim,
682 406 855 466 quum
902 386 969 443 ad
1022 383 1214 444 urbem
1259 404 1385 444 cum
1433 387 1605 462 copiis
1649 390 1934 450 acceffiss‘et

171 477 236 530 Sc
265 468 725 529 animadvertisset
754 466 1059 542 praefidium
1091 464 1313 523 Caesaris
1340 466 1417 521 ibi
1447 467 1549 524 effe
1561 491 1579 534 ς
1626 487 1740 526 non
1767 468 1928 528 ausus

225 550 433 608 ericulo
460 547 553 605 suo
580 566 694 603 rem
724 543 920 611 facere,
962 542 1116 600 nulia
1154 562 1211 602 re
1255 542 1406 622 gesta
1436 563 1536 620 pro
1566 547 1923 608 multitudine

166 566 497 696 gozuinum,
524 624 700 682 rursus
748 625 1111 680 Adrumetum'
1142 622 1194 679 se
1239 623 1479 700 recipits
1513 625 1714 684 deinde
1742 629 1943 704 paucis.

171 708 310 787 post
337 706 548 773 diebus,
566 702 898 781 equestribus
920 702 1099 777 copiis
1113 700 1146 759 ὲ
1167 702 1412 761 Labieno
1429 703 1532 761 add
1544 705 1699 775 uciis,
1747 706 1930 767 rursus

175 785 471 848 Acilianos
498 783 673 841 castris
703 781 887 858 pofitis
911 780 1157 839 oblidere
1181 782 1374 858 coepit.
1942 795 1947 796 ⁷

267 862 484 922 XXXI.
531 864 632 919 Per
660 861 717 917 id
760 873 976 930 tempus
1030 859 1101 917 C.
1143 857 1419 918 Sallustius
1469 860 1716 936 Crispus,
1755 882 1928 943 quem

177 944 375 1022 paucis
403 939 526 998 ante
554 940 587 997 d
598 938 746 996 iebu's
773 939 985 997 missum
1013 937 1048 996 a
1073 937 1290 996 Caesare
1329 957 1456 997 cum
1496 941 1652 999 claffe
1691 942 1930 1002 demon·

178 1022 491 1087 stravimus,
560 1019 857 1077 Cercinam
924 1018 1194 1095 pervenit.
1299 1018 1477 1094 Cujus
1529 1020 1790 1088 adventu,
1850 1022 1929 1082 C.

180 1098 480 1160 Decimius
529 1097 866 1175 quaestoriuS,
905 1096 1000 1175 qui
1056 1096 1134 1153 ibi
1176 1111 1313 1158 cunr,
1342 1097 1540 1175 grandi
1569 1098 1794 1158 familiae
1821 1099 1931 1159 suas

175 1178 438 1258 praefidio
485 1190 715 1253 praeerat
757 1175 1111 1244 commeatui,
1153 1173 1443 1251 parvulum
1490 1178 1769 1256 navigium
1799 1198 1931 1238 nac-

179 1273 275 1315 tus
302 1256 636 1321 conscendit,
674 1273 738 1313 ac
767 1255 819 1312 se
868 1252 1016 1332 fugae
1060 1254 1432 1314 commendat.
1517 1255 1791 1317 Sallustius
1839 1259 1930 1317 in-

180 1336 351 1395 terim
381 1353 581 1412 praetor
607 1332 641 1392 ὲ
686 1331 1106 1392 Cercinnatibus
1149 1347 1418 1410 receptus,
1460 1353 1668 1413 magno
1693 1345 1931 1397 numero

180 1414 452 1474 frumenti
491 1413 748 1480 invento,
816 1430 980 1469 naves
1032 1412 1324 1478 onerarias,
1390 1410 1626 1491 quarum
1671 1414 1749 1473 ibi
1800 1415 1930 1476 satis

184 1512 394 1572 magna
439 1492 599 1569 copia
642 1490 770 1557 fuit,
809 1490 1072 1569 complet,
1114 1506 1281 1570 atque
1324 1491 1383 1549 in
1431 1493 1596 1550 castra
1642 1495 1712 1551 ad
1744 1494 1930 1554 Caesa-

181 1592 308 1631 rem
354 1570 546 1643 mittit.
629 1570 878 1628 Allienus
926 1569 1146 1629 interim
1184 1570 1473 1648 proconsul
1518 1572 1550 1630 ὲ
1590 1571 1931 1650 Lilybaeoia

178 1669 364 1709 naves
396 1648 668 1709 onerarias
710 1648 951 1724 imponit
995 1647 1239 1728 legiones
1269 1668 1397 1707 xm
1427 1656 1481 1709 δε
1517 1669 1650 1719 xw,
1692 1657 1743 1711 δι
1770 1654 1932 1731 equi-

192 1745 279 1790 tes
332 1729 534 1788 Gallos
564 1747 750 1796 neec,
793 1727 1134 1786 funditorum
1181 1727 1233 1785 sa
1278 1728 1692 1807 ittariorfimque
1731 1732 1933 1799 mille;

181 1827 252 1867 ac
298 1809 590 1866 secundum
646 1820 1017 1865 commeatum
1072 1807 1130 1864 in
1169 1808 1220 1864 A
1249 1807 1413 1865 ricam
1457 1809 1626 1867 mittit
1652 1809 1720 1867 ad
1748 1811 1932 1869 Caesa-

182 1908 344 1948 rem:
387 1908 511 1966 quae
538 1896 726 1954 naveS,
763 1901 990 1945 ventum
1032 1886 1328 1945 secundum
1374 1889 1567 1956 nmstae,
1614 1909 1681 1946 xv
1727 1891 1819 1948 die
1865 1891 1931 1952 in

186 1983 417 2045 portum
445 1966 513 2025 ad
543 1965 863 2043 Ruspinam,
906 1964 1000 2023 ubi
1027 1965 1207 2024 Caesar
1232 1966 1396 2024 castra
1433 1967 1715 2035 habuerat,
1767 1968 1928 2028 inco-

183 2048 366 2106 lumes
419 2060 803 2124 pervenerunt.
883 2045 971 2103 Ita
1011 2045 1191 2102 Caesar
1232 2045 1441 2122 duplici
1484 2046 1677 2104 laetitia
1720 2065 1786 2105 ac
1825 2067 1934 2106 vo-

183 2127 402 2202 luptate
456 2142 565 2184 uno
638 2140 889 2200 tempore
958 2125 1167 2190 auctus,
1233 2122 1516 2201 frumento
1566 2125 1933 2204 auxiliisqueg

184 2205 435 2270 tandem,
457 2203 559 2261 suis
576 2203 908 2270 exhilaratis,
936 2201 1266 2281 annonaque
1283 2202 1484 2271 levata,
1507 2201 1931 2267 sollicitudinem

184 2284 459 2360 deponit3
498 2283 744 2361 legiones
769 2281 1089 2361 equitesque
1129 2284 1207 2341 ex'
1225 2281 1452 2341 navibus
1480 2283 1735 2361 egreffoe,
1765 2283 1934 2360 jubet

181 2382 259 2420 ex
311 2362 577 2441 languore
622 2360 947 2438 nauseaque
979 2361 1241 2430 reficere3
1307 2361 1546 2422 dimiffos
1600 2363 1660 2423 in
1713 2363 1933 2427 castella

185 2439 629 2519 munitionesque
655 2441 914 2520 disponit.

272 2521 516 2580 XXXII.
559 2519 775 2599 Qibus
811 2519 969 2577 rebus
998 2517 1210 2596 Spicio,
1251 2518 1458 2599 quique
1498 2539 1625 2581 cum
1668 2540 1739 2580 eo
1763 2523 1938 2585 effent

185 2602 442 2664 comites,
485 2600 666 2656 mirari
715 2604 767 2656 δε
811 2598 1104 2675 requirere.
1192 2600 1263 2658 C.
1309 2601 1602 2669 Caesarem,
1644 2602 1741 2681 qui
1784 2604 1933 2662 ultro
1968 2652 1974 2659 .

188 2677 486 2736 consuesset
538 2677 746 2735 bellum
800 2678 997 2735 inferre
1049 2696 1114 2734 ac
1164 2677 1411 2736 lacess‘ere
1464 2680 1683 2756 proeliO,
1746 2680 1935 2743 subit&

187 2772 596 2816 commutatum
650 2775 762 2815 non
805 2756 915 2814 fine
972 2775 1179 2833 magno
1224 2758 1449 2815 confilio
1502 2759 1935 2835 suspicabantur.

186 2837 389 2914 Itaque
435 2835 552 2912 ejus
598 2834 864 2913 patientia
917 2835 975 2892 in
1028 2855 1295 2913 magnum
1350 2837 1603 2894 timorem
1655 2840 1931 2916 conjectu

183 2934 262 2973 ex
290 2916 529 2974 Gaetulis
570 2916 732 2983 duos,
772 2933 911 2993 quos
954 2914 1359 2973 arbitrabantur
1402 2915 1504 2972 suis
1533 2917 1693 2975 rebus
1722 2918 1935 2981 amicis·

190 2994 378 3061 simos,
423 2995 635 3073 magnis
689 2993 925 3071 praemiis
975 2991 1570 3071 pollicitationibusque
1621 3000 1937 3074 propofitis,

189 3089 297 3151 pro
341 3072 586 3152 perfugis
635 3072 948 3150 speculandi
994 3072 1171 3151 gratia
1219 3074 1273 3130 in
1319 3073 1540 3131 Caesaris
1587 3077 1753 3134 castra
1805 3080 1939 3137 mit-

192 3167 354 3210 tunt:
398 3154 494 3229 qui
525 3153 678 3210 simul
707 3151 774 3208 ad
804 3171 930 3209 eum
961 3152 1080 3208 sunt
1117 3151 1356 3220 deducti,
1394 3155 1687 3230 petierunt,
1736 3169 1794 3214 ut
1833 3157 1935 3221 fibi

188 3230 384 3289 liceret
427 3231 537 3305 fine
581 3232 827 3308 periculo
869 3236 1034 3287 verba
1082 3228 1373 3310 proloqui.¹
1444 3234 1706 3292 Potestate
1749 3233 1891 3293 fasta
1916 3254 1939 3295 ε

189 3311 559 3389 Saepenumew,
575 3310 853 3391 inquiunt,
874 3310 1177 3388 Imperator,
1206 3309 1471 3391 complures
1497 3314 1717 3386 Gaetuli,
1738 3313 1939 3393 quisu-

1829 3414 1943 3454 mus
