2169 3766
326 255 467 327 140
662 228 1713 325 C.J'ut.11CAEsAR18

395 352 578 412 XLII.
620 353 749 414 Hac
775 373 834 412 re
859 351 1106 431 cognita,
1143 351 1329 412 Caesar
1354 353 1522 412 mittit
1546 354 1868 431 complures
1896 358 2056 437 equi-

317 444 437 492 tum
478 446 683 491 turmas
711 434 784 492 eo
808 435 883 490 de
909 432 1098 490 media
1127 433 1322 495 noeiet
1365 434 1431 491 iis
1458 434 1715 511 imperat,
1761 448 1823 492 ut
1865 437 2058 513 paullo

318 511 699 570 tumultuofius
724 511 983 571 omnibus
1011 512 1066 570 in
1096 510 1232 570 locis
1262 528 1645 590 pervagentur.
1715 512 1909 572 Prima
1934 516 2055 575 luce

315 607 587 668 magnum
627 609 916 649 numerum
963 590 1491 666 impedimentorum
1530 610 1601 649 ex
1642 593 1828 650 castris
1873 595 2055 653 mulo-

312 668 549 746 rumque
576 670 832 746 produci,
858 669 1039 748 deque
1063 668 1129 726 iis
1158 671 1449 728 stramenta
1473 669 1724 736 detrahi3
1753 672 2053 732 muliones-

309 765 422 823 que
450 766 578 806 cum
606 748 914 814 caflidibus,
940 747 1188 824 equitum
1221 746 1400 822 specie
1427 766 1493 805 ac
1520 749 1891 817 fimulatione,
1934 753 2051 808 col-

310 825 459 882 libus
493 826 832 884 circumvehi
870 827 1061 901 jubet;
1107 826 1190 882 his
1232 844 1437 901 paucos
1479 826 1637 885 addit
1669 827 1915 904 equiteS,
1955 828 2048 905 qui

316 903 480 962 latius
525 906 897 962 ostentationis
939 904 1121 970 causa,
1177 917 1541 980 vagarentur:
1599 906 1775 982 longo
1816 906 2049 965 circuitu
2089 960 2094 966 Α

313 982 534 1043 easdem
563 1002 755 1042 omnes
789 983 951 1058 jubet
990 996 1179 1059 petere
1205 982 1480 1059 regiones.
1563 983 1703 1040 Haec
1744 987 1942 1059 procul
1980 1004 2047 1042 ex

311 1061 525 1138 oppido
568 1061 933 1127 videbantur-3
993 1074 1051 1117 ut
1089 1074 1207 1117 erat
1246 1059 1280 1117 a
1320 1060 1614 1138 Gergovia
1659 1062 1952 1138 despectus
1989 1066 2045 1120 in

310 1142 516 1198 castra:
565 1159 749 1217 neque
787 1154 942 1198 tanto
981 1140 1180 1214 spatio,
1223 1142 1356 1197 certi
1397 1140 1533 1230 quid
1572 1139 1723 1205 esset,
1763 1141 2044 1215 explorari

311 1231 546 1295 poterat.
626 1219 936 1297 Legionem
971 1236 1141 1276 unam
1170 1217 1366 1275 eodem
1405 1235 1546 1294 Jugo
1571 1218 1759 1283 mittit,
1803 1224 1855 1275 &
1888 1220 2048 1296 paul-

310 1297 429 1354 lum
470 1298 803 1374 progressam
845 1297 1106 1354 inferiore
1146 1296 1273 1354 loco
1297 1296 1594 1361 constituit,
1636 1294 1916 1373 sylvisque
1951 1317 2048 1356 oc·

242 1422 248 1428 .
310 1375 504 1433 cultat.
587 1378 841 1453 Augetur
867 1376 1051 1433 Gallis
1080 1374 1346 1449 suspici03
1377 1388 1541 1449 atque
1568 1393 1764 1431 omnes
1791 1375 2046 1434 inomn-

309 1453 582 1512 nitionum
624 1457 803 1530 copiae
841 1453 1283 1512 transducuntur.
1367 1453 1565 1510 Vacua
1598 1454 1767 1511 castr-a
1808 1454 2048 1514 hostium

311 1531 498 1592 Caesar
537 1530 917 1610 conspicatum
973 1533 1132 1590 tediis
1166 1530 1469 1610 infignibus
1509 1531 1750 1596 suorum,
1792 1534 2045 1591 occulta·

311 1611 487 1689 tisque
526 1610 689 1689 signis
732 1612 1086 1678 militaribus,
1137 1628 1288 1667 raros
1330 1610 1551 1677 milites,
1601 1629 1673 1667 ne
1711 1627 1782 1667 ex
1825 1612 2048 1687 oppido

308 1688 891 1757 animadverterentur,
959 1709 1031 1750 ex
1092 1687 1394 1763 majoribus
1459 1688 1637 1757 castris
1698 1688 1757 1745 in
1821 1690 2046 1748 minoi-a

309 1768 622 1830 tranducit:
676 1766 1185 1848 legatisque,-‹}uos
1226 1766 1449 1845 lingulis
1488 1766 1803 1845 legionibus
1848 1767 2048 1842 praese-

309 1862 482 1919 cerat,
523 1847 659 1928 quid
699 1849 818 1909 fieri
861 1848 1011 1917 velit,
1051 1846 1303 1906 ostendit.
1384 1845 1450 1904 In
1478 1846 1682 1923 ‘primis
1725 1859 1947 1915 monet,
1990 1859 2048 1907 ut

309 1928 631 1988 contineant
663 1928 889 1997 milites,
931 1948 1001 1987 ne
1028 1926 1202 1985 studio
1242 1924 1530 2005 pugnandi
1549 1940 1663 1984 -aut
1703 1924 1799 2002 spe
1842 1927 2048 2003 praedae

309 2005 530 2085 longius
569 2009 1023 2088 progrediantur:
1076 2006 1213 2085 quid
1254 2006 1515 2082 iniquitas
1555 2005 1665 2062 loci
1707 2005 1920 2062 habeat
1963 2006 2048 2064 in-

312 2088 613 2156 commodi,
656 2089 948 2164 proponitz
1004 2086 1138 2153 hoc,
1181 2081 1294 2142 unzi
1335 2084 1612 2144 celeritate
1653 2083 1803 2159 posse
1845 2085 2045 2143 vitari:

308 2166 607 2226 occafionis
634 2167 739 2225 effe
778 2186 917 2233 rem,
958 2184 1075 2223 non
1117 2163 1318 2242 proelii.
1400 2162 1510 2220 His
1547 2160 1710 2219 rebus
1753 2163 2041 2238 expolitis,

308 2242 522 2321 signum
564 2245 681 2313 dat,
735 2250 788 2305 δι
828 2246 900 2303 ab
942 2240 1173 2303 dextera
1221 2253 1378 2321 parte
1417 2240 1530 2299 alio
1569 2238 1792 2299 ascensu
1837 2241 2046 2299 eodem

308 2337 560 2399 tempore
588 2324 803 2383 AEduos
831 2325 1018 2383 mittit.
1074 2327 1087 2336 ”
1681 2361 1701 2380 .-

388 2401 600 2460 XLm.
645 2404 859 2482 Oppidi
889 2421 1074 2462 murus
1106 2400 1177 2457 ab
1211 2398 1444 2477 planitie
1471 2412 1639 2477 atque
1663 2396 1826 2455 initio
1855 2399 2047 2457 ascen-

309 2479 424 2551 ,sfis‚
459 2481 607 2539 reela
631 2483 875 2560 regione,
912 2481 949 2539 fi
978 2480 1162 2538 nullus
1190 2479 1463 2537 anfractus
1491 2478 1876 2545 intercederet,
1907 2496 2042 2535 uec

314 2560 490 2635 paffus
519 2561 742 2617 aberat:
787 2560 1061 2636 quidquid
1103 2559 1233 2616 huic
1260 2557 1517 2616 circuitus
1558 2556 1629 2615 ad
1669 2555 2046 2615 molliendum

317 2638 522 2695 clivum
551 2639 860 2704 accesserat,
902 2638 961 2694 id
988 2636 1472 2713 spatiumitineris
1497 2637 1760 2715 augebat.
1846 2639 1896 2691 A
1929 2654 2049 2694 me-

319 2715 415 2775 dio
444 2718 556 2776 tere
582 2719 723 2775 colle
750 2718 806 2775 in
848 2716 1218 2795 longitudine,
1263 2728 1323 2773 ut
1348 2728 1546 2774 natura
1571 2714 1780 2772 montis
1805 2712 2046 2782 ferebat,

316 2813 386 2852 ex
429 2796 729 2871 grandibus
768 2795 910 2854 saxis
954 2814 1020 2851 v1
1064 2787 1269 2871 pedum
1313 2797 1557 2861 murum,
1601 2792 1696 2871 qui
1738 2792 2047 2851 nostrorum

315 2872 588 2950 impetum
618 2877 880 2939 tardaret,
914 2874 1302 2950 praeduxerant
1328 2872 1527 2931 Galli:
1569 2885 1758 2948 atque,
1785 2869 2049 2929 inferiore

317 2953 473 3008 omni
522 2952 698 3030 spatio
738 2972 917 3011 vacuo
955 2953 1171 3019 relicto,
1220 2951 1553 3027 superiorem
1578 2961 1584 2967 “
1606 2960 1824 3026 partem
1866 2948 2048 3016 collis,

319 3029 489 3107 usque
529 3031 598 3088 ad
642 3051 862 3090 murum
902 3031 1120 3108 oppidi,
1159 3030 1470 3090 denfiffimis
1498 3028 1679 3087 castris
1721 3028 2047 3106 compleve-

316 3121 459 3165 rant.
527 3108 761 3176 Milites,
787 3109 943 3187 figno
968 3110 1123 3176 dato,
1150 3109 1398 3167 celeriter
1423 3109 1496 3166 ad
1523 3107 1897 3165 munitionem
1926 3123 2046 3184 per-

316 3188 587 3268 veniunt,
622 3185 858 3263 eamque
885 3187 1203 3265 transgrefli,
1231 3187 1383 3245 trinis
1410 3187 1591 3245 eastris
1617 3186 1943 3262 potiuntur:
1983 3201 2050 3242 ae

225 3332 241 3341 .
302 3276 474 3320 -tanta
501 3263 604 3319 fuit
630 3264 688 3321 in
718 3263 1003 3340 capiendis
1031 3266 1210 3324 castris
1240 3265 1509 3331 celeritas,
1551 3278 1612 3322 ut
1635 3265 2051 3324 Theutomatus

321 3356 421 3396 rex
461 3339 843 3417 Nitiobrigum
892 3339 1073 3399 subit&
1120 3345 1176 3399 in
1232 3343 1596 3401 tabernaculo
1635 3342 1946 3420 oppress‘us,
1996 3351 2054 3398 ut

324 3415 555 3475 meridie
579 3417 994 3496 conquieverat,
1035 3420 1314 3499 superiore
1341 3422 1590 3501 corporis
1625 3433 1784 3499 parte
1818 3416 2052 3559 adata»

1774 3516 1812 3557 v
1915 3508 2059 3558 erato
