<?xml version="1.0" encoding="UTF-8"?>
<!DOCTYPE html PUBLIC "-//W3C//DTD XHTML 1.0 Transitional//EN"
    "http://www.w3.org/TR/xhtml1/DTD/xhtml1-transitional.dtd">
<html xmlns="http://www.w3.org/1999/xhtml" xml:lang="en" lang="en">
 <head>
  <title>
</title>
<meta http-equiv="Content-Type" content="text/html;charset=utf-8" />
  <meta name='ocr-system' content='tesseract 3.04.00' />
  <meta name='ocr-capabilities' content='ocr_page ocr_carea ocr_par ocr_line ocrx_word'/>
</head>
<body>
  <div class='ocr_page' id='page_1' title='image "./cjuliicsariseta00maitgoog_0369.png"; bbox 0 0 2169 3766; ppageno 0'>
   <div class='ocr_carea' id='block_1_1' title="bbox 413 165 1900 264">
    <p class='ocr_par' dir='ltr' id='par_1_1' title="bbox 413 165 1900 264">
     <span class='ocr_line' id='line_1_1' title="bbox 413 165 1900 264; baseline 0.004 -22"><span class='ocrx_word' id='word_1_1' title='bbox 413 190 522 242; x_wconf 73' lang='lat' dir='ltr'>nn</span> <span class='ocrx_word' id='word_1_2' title='bbox 576 165 884 240; x_wconf 64' lang='lat' dir='ltr'>netto</span> <span class='ocrx_word' id='word_1_3' title='bbox 934 165 1676 264; x_wconf 67' lang='lat' dir='ltr'>AtExAunnttro.</span> <span class='ocrx_word' id='word_1_4' title='bbox 1763 192 1900 264; x_wconf 77' lang='lat'>331</span> 
     </span>
    </p>
   </div>
   <div class='ocr_carea' id='block_1_2' title="bbox 153 286 1939 3501">
    <p class='ocr_par' dir='ltr' id='par_1_2' title="bbox 158 286 1939 2337">
     <span class='ocr_line' id='line_1_2' title="bbox 167 286 1913 369; baseline 0 -20"><span class='ocrx_word' id='word_1_5' title='bbox 167 287 437 349; x_wconf 84' lang='lat' dir='ltr'>Caffium.</span> <span class='ocrx_word' id='word_1_6' title='bbox 519 289 651 366; x_wconf 85' lang='lat' dir='ltr'>Qo</span> <span class='ocrx_word' id='word_1_7' title='bbox 687 287 910 355; x_wconf 86' lang='lat' dir='ltr'>nuncio,</span> <span class='ocrx_word' id='word_1_8' title='bbox 951 286 1363 369; x_wconf 74' lang='lat' dir='ltr'>dolore&#39;magis</span> <span class='ocrx_word' id='word_1_9' title='bbox 1408 304 1690 367; x_wconf 86' lang='lat' dir='ltr'>permotus</span> <span class='ocrx_word' id='word_1_10' title='bbox 1735 290 1913 368; x_wconf 72' lang='lat' dir='ltr'>quarn.</span> 
     </span>
     <span class='ocr_line' id='line_1_3' title="bbox 162 365 1907 446; baseline 0 -18"><span class='ocrx_word' id='word_1_11' title='bbox 162 369 360 428; x_wconf 88' lang='lat' dir='ltr'>animo</span> <span class='ocrx_word' id='word_1_12' title='bbox 403 368 773 446; x_wconf 83' lang='lat' dir='ltr'>perturbatus,</span> <span class='ocrx_word' id='word_1_13' title='bbox 822 366 1007 440; x_wconf 62' lang='lat' dir='ltr'>reiicitv</span> <span class='ocrx_word' id='word_1_14' title='bbox 1036 365 1284 426; x_wconf 85' lang='lat' dir='ltr'>celeriter</span> <span class='ocrx_word' id='word_1_15' title='bbox 1330 369 1400 435; x_wconf 90' lang='lat' dir='ltr'>se,</span> <span class='ocrx_word' id='word_1_16' title='bbox 1445 375 1496 428; x_wconf 86' lang='lat'>&amp;</span> <span class='ocrx_word' id='word_1_17' title='bbox 1545 369 1615 427; x_wconf 88' lang='lat' dir='ltr'>ad</span> <span class='ocrx_word' id='word_1_18' title='bbox 1668 370 1907 428; x_wconf 86' lang='lat' dir='ltr'>Caffium</span> 
     </span>
     <span class='ocr_line' id='line_1_4' title="bbox 163 443 1913 527; baseline 0.002 -22"><span class='ocrx_word' id='word_1_19' title='bbox 163 445 455 505; x_wconf 81' lang='lat' dir='ltr'>visendum</span> <span class='ocrx_word' id='word_1_20' title='bbox 501 443 871 523; x_wconf 83' lang='lat' dir='ltr'>proficiscitur.</span> <span class='ocrx_word' id='word_1_21' title='bbox 971 444 1057 502; x_wconf 90' lang='lat' dir='ltr'>Re</span> <span class='ocrx_word' id='word_1_22' title='bbox 1097 444 1345 525; x_wconf 67' lang='lat' dir='ltr'>cognita,</span> <span class='ocrx_word' id='word_1_23' title='bbox 1403 464 1526 505; x_wconf 81' lang='lat' dir='ltr'>xxx</span> <span class='ocrx_word' id='word_1_24' title='bbox 1566 448 1714 527; x_wconf 86' lang='lat' dir='ltr'>legio</span> <span class='ocrx_word' id='word_1_25' title='bbox 1756 449 1913 527; x_wconf 80' lang='lat' dir='ltr'>figna</span> 
     </span>
     <span class='ocr_line' id='line_1_5' title="bbox 161 523 1939 603; baseline 0 -20"><span class='ocrx_word' id='word_1_26' title='bbox 161 524 493 602; x_wconf 71' lang='lat' dir='ltr'>Cordubam</span> <span class='ocrx_word' id='word_1_27' title='bbox 546 523 732 591; x_wconf 90' lang='lat' dir='ltr'>infert,</span> <span class='ocrx_word' id='word_1_28' title='bbox 796 523 869 582; x_wconf 89' lang='lat' dir='ltr'>ad</span> <span class='ocrx_word' id='word_1_29' title='bbox 916 524 1183 582; x_wconf 88' lang='lat' dir='ltr'>auxilium</span> <span class='ocrx_word' id='word_1_30' title='bbox 1243 524 1530 584; x_wconf 87' lang='lat' dir='ltr'>ferendum</span> <span class='ocrx_word' id='word_1_31' title='bbox 1583 526 1939 603; x_wconf 77' lang='lat' dir='ltr'>imperatori·</span> 
     </span>
     <span class='ocr_line' id='line_1_6' title="bbox 163 602 1906 682; baseline -0.001 -19"><span class='ocrx_word' id='word_1_32' title='bbox 163 604 266 663; x_wconf 87' lang='lat' dir='ltr'>suo</span> <span class='ocrx_word' id='word_1_33' title='bbox 294 624 309 662; x_wconf 75' lang='lat' dir='ltr'>t</span> <span class='ocrx_word' id='word_1_34' title='bbox 351 603 485 663; x_wconf 90' lang='lat' dir='ltr'>facit</span> <span class='ocrx_word' id='word_1_35' title='bbox 510 602 620 669; x_wconf 78' lang='lat' dir='ltr'>hoc</span> <span class='ocrx_word' id='word_1_36' title='bbox 643 602 790 660; x_wconf 88' lang='lat' dir='ltr'>idem</span> <span class='ocrx_word' id='word_1_37' title='bbox 821 622 958 670; x_wconf 75' lang='lat' dir='ltr'>xxi,</span> <span class='ocrx_word' id='word_1_38' title='bbox 1000 602 1335 680; x_wconf 63' lang='lat' dir='ltr'>subsequitur</span> <span class='ocrx_word' id='word_1_39' title='bbox 1366 603 1460 663; x_wconf 84' lang='lat' dir='ltr'>has</span> <span class='ocrx_word' id='word_1_40' title='bbox 1490 624 1549 662; x_wconf 80' lang='lat' dir='ltr'>v.</span> <span class='ocrx_word' id='word_1_41' title='bbox 1631 607 1821 682; x_wconf 83' lang='lat' dir='ltr'>Qum</span> <span class='ocrx_word' id='word_1_42' title='bbox 1855 625 1906 662; x_wconf 83' lang='lat'>11</span> 
     </span>
     <span class='ocr_line' id='line_1_7' title="bbox 165 681 1908 759; baseline 0.001 -19"><span class='ocrx_word' id='word_1_43' title='bbox 165 682 421 759; x_wconf 83' lang='lat' dir='ltr'>legiones</span> <span class='ocrx_word' id='word_1_44' title='bbox 450 681 673 759; x_wconf 83' lang='lat' dir='ltr'>reliquae</span> <span class='ocrx_word' id='word_1_45' title='bbox 700 682 867 740; x_wconf 79' lang='lat' dir='ltr'>ess&#39;ent</span> <span class='ocrx_word' id='word_1_46' title='bbox 909 682 968 739; x_wconf 92' lang='lat' dir='ltr'>in</span> <span class='ocrx_word' id='word_1_47' title='bbox 1009 682 1219 741; x_wconf 82' lang='lat' dir='ltr'>castris:</span> <span class='ocrx_word' id='word_1_48' title='bbox 1265 682 1597 750; x_wconf 53' lang='lat' dir='ltr'>secundani„</span> <span class='ocrx_word' id='word_1_49' title='bbox 1629 684 1788 741; x_wconf 88' lang='lat' dir='ltr'>veriti</span> <span class='ocrx_word' id='word_1_50' title='bbox 1836 702 1908 741; x_wconf 82' lang='lat' dir='ltr'>ne</span> 
     </span>
     <span class='ocr_line' id='line_1_8' title="bbox 165 759 1912 839; baseline 0 -20"><span class='ocrx_word' id='word_1_51' title='bbox 165 760 270 819; x_wconf 88' lang='lat' dir='ltr'>soli</span> <span class='ocrx_word' id='word_1_52' title='bbox 301 761 736 837; x_wconf 86' lang='lat' dir='ltr'>relinquerentur</span> <span class='ocrx_word' id='word_1_53' title='bbox 757 781 776 827; x_wconf 80' lang='lat'>3</span> <span class='ocrx_word' id='word_1_54' title='bbox 816 775 984 837; x_wconf 88' lang='lat' dir='ltr'>atque</span> <span class='ocrx_word' id='word_1_55' title='bbox 1009 780 1080 817; x_wconf 80' lang='lat' dir='ltr'>ex</span> <span class='ocrx_word' id='word_1_56' title='bbox 1117 779 1205 827; x_wconf 90' lang='lat' dir='ltr'>eo,</span> <span class='ocrx_word' id='word_1_57' title='bbox 1251 760 1387 839; x_wconf 92' lang='lat' dir='ltr'>quid</span> <span class='ocrx_word' id='word_1_58' title='bbox 1439 762 1723 828; x_wconf 81' lang='lat' dir='ltr'>senfiffent,</span> <span class='ocrx_word' id='word_1_59' title='bbox 1764 759 1912 819; x_wconf 85' lang='lat' dir='ltr'>indi-</span> 
     </span>
     <span class='ocr_line' id='line_1_9' title="bbox 162 839 1908 916; baseline 0.002 -19"><span class='ocrx_word' id='word_1_60' title='bbox 162 854 422 905; x_wconf 85' lang='lat' dir='ltr'>caretur;</span> <span class='ocrx_word' id='word_1_61' title='bbox 465 840 627 897; x_wconf 89' lang='lat' dir='ltr'>secuti</span> <span class='ocrx_word' id='word_1_62' title='bbox 655 841 775 897; x_wconf 91' lang='lat' dir='ltr'>sunt</span> <span class='ocrx_word' id='word_1_63' title='bbox 821 839 1025 897; x_wconf 71' lang='lat' dir='ltr'>factum</span> <span class='ocrx_word' id='word_1_64' title='bbox 1070 839 1428 916; x_wconf 81' lang='lat' dir='ltr'>superiorum.</span> <span class='ocrx_word' id='word_1_65' title='bbox 1511 841 1808 900; x_wconf 86' lang='lat' dir='ltr'>Permanfit</span> <span class='ocrx_word' id='word_1_66' title='bbox 1846 842 1908 900; x_wconf 83' lang='lat' dir='ltr'>in</span> 
     </span>
     <span class='ocr_line' id='line_1_10' title="bbox 164 916 1910 999; baseline 0.001 -23"><span class='ocrx_word' id='word_1_67' title='bbox 164 916 442 976; x_wconf 62' lang='lat' dir='ltr'>sententia</span> <span class='ocrx_word' id='word_1_68' title='bbox 487 917 638 995; x_wconf 91' lang='lat' dir='ltr'>legio</span> <span class='ocrx_word' id='word_1_69' title='bbox 693 918 1003 985; x_wconf 88' lang='lat' dir='ltr'>vernacula,</span> <span class='ocrx_word' id='word_1_70' title='bbox 1046 936 1148 975; x_wconf 92' lang='lat' dir='ltr'>nec</span> <span class='ocrx_word' id='word_1_71' title='bbox 1182 918 1311 988; x_wconf 40' lang='lat' dir='ltr'>,ullo</span> <span class='ocrx_word' id='word_1_72' title='bbox 1363 918 1561 978; x_wconf 89' lang='lat' dir='ltr'>timore</span> <span class='ocrx_word' id='word_1_73' title='bbox 1609 920 1679 976; x_wconf 91' lang='lat' dir='ltr'>de</span> <span class='ocrx_word' id='word_1_74' title='bbox 1731 919 1910 999; x_wconf 86' lang='lat' dir='ltr'>gradu</span> 
     </span>
     <span class='ocr_line' id='line_1_11' title="bbox 163 994 1909 1074; baseline 0.003 -22"><span class='ocrx_word' id='word_1_75' title='bbox 163 994 380 1070; x_wconf 63' lang='lat' dir='ltr'>dejesta</span> <span class='ocrx_word' id='word_1_76' title='bbox 423 996 514 1053; x_wconf 88' lang='lat' dir='ltr'>est.</span> <span class='ocrx_word' id='word_1_77' title='bbox 597 996 801 1053; x_wconf 85' lang='lat' dir='ltr'>Caffius</span> <span class='ocrx_word' id='word_1_78' title='bbox 850 1015 966 1063; x_wconf 84' lang='lat' dir='ltr'>eos,</span> <span class='ocrx_word' id='word_1_79' title='bbox 1009 996 1134 1074; x_wconf 28' lang='lat' dir='ltr'>[qui</span> <span class='ocrx_word' id='word_1_80' title='bbox 1189 997 1454 1055; x_wconf 89' lang='lat' dir='ltr'>nominati</span> <span class='ocrx_word' id='word_1_81' title='bbox 1504 1013 1660 1057; x_wconf 83' lang='lat' dir='ltr'>erant</span> <span class='ocrx_word' id='word_1_82' title='bbox 1708 998 1909 1057; x_wconf 83' lang='lat' dir='ltr'>conscii</span> 
     </span>
     <span class='ocr_line' id='line_1_12' title="bbox 165 1072 1911 1153; baseline 0.002 -20"><span class='ocrx_word' id='word_1_83' title='bbox 165 1075 361 1143; x_wconf 76' lang='lat' dir='ltr'>caedis,</span> <span class='ocrx_word' id='word_1_84' title='bbox 395 1072 557 1149; x_wconf 89' lang='lat' dir='ltr'>jubet</span> <span class='ocrx_word' id='word_1_85' title='bbox 600 1074 1028 1151; x_wconf 79' lang='lat' dir='ltr'>comprehendi:</span> <span class='ocrx_word' id='word_1_86' title='bbox 1072 1075 1353 1153; x_wconf 86' lang='lat' dir='ltr'>legionem</span> <span class='ocrx_word' id='word_1_87' title='bbox 1407 1096 1446 1133; x_wconf 87' lang='lat' dir='ltr'>v</span> <span class='ocrx_word' id='word_1_88' title='bbox 1495 1077 1554 1134; x_wconf 89' lang='lat' dir='ltr'>in</span> <span class='ocrx_word' id='word_1_89' title='bbox 1605 1079 1911 1138; x_wconf 57' lang='lat' dir='ltr'>castrase-</span> 
     </span>
     <span class='ocr_line' id='line_1_13' title="bbox 161 1152 1907 1236; baseline 0.001 -24"><span class='ocrx_word' id='word_1_90' title='bbox 161 1154 363 1220; x_wconf 85' lang='lat' dir='ltr'>mittit,</span> <span class='ocrx_word' id='word_1_91' title='bbox 405 1152 725 1211; x_wconf 82' lang='lat' dir='ltr'>cohortibus</span> <span class='ocrx_word' id='word_1_92' title='bbox 756 1172 877 1211; x_wconf 83' lang='lat' dir='ltr'>xxx</span> <span class='ocrx_word' id='word_1_93' title='bbox 919 1154 1162 1211; x_wconf 79' lang='lat' dir='ltr'>retentis·</span> <span class='ocrx_word' id='word_1_94' title='bbox 1245 1154 1460 1212; x_wconf 86' lang='lat' dir='ltr'>Indicio</span> <span class='ocrx_word' id='word_1_95' title='bbox 1501 1155 1731 1215; x_wconf 90' lang='lat' dir='ltr'>Minutii</span> <span class='ocrx_word' id='word_1_96' title='bbox 1773 1175 1907 1236; x_wconf 88' lang='lat' dir='ltr'>cog-</span> 
     </span>
     <span class='ocr_line' id='line_1_14' title="bbox 162 1231 1901 1303; baseline 0.003 -13"><span class='ocrx_word' id='word_1_97' title='bbox 162 1231 361 1300; x_wconf 83' lang='lat' dir='ltr'>noscit,</span> <span class='ocrx_word' id='word_1_98' title='bbox 407 1231 469 1288; x_wconf 87' lang='lat' dir='ltr'>L.</span> <span class='ocrx_word' id='word_1_99' title='bbox 499 1231 772 1289; x_wconf 81' lang='lat' dir='ltr'>Racilium</span> <span class='ocrx_word' id='word_1_100' title='bbox 801 1237 853 1289; x_wconf 83' lang='lat'>&amp;</span> <span class='ocrx_word' id='word_1_101' title='bbox 892 1231 959 1288; x_wconf 92' lang='lat' dir='ltr'>L.</span> <span class='ocrx_word' id='word_1_102' title='bbox 991 1233 1359 1303; x_wconf 84' lang='lat' dir='ltr'>Laterensem,</span> <span class='ocrx_word' id='word_1_103' title='bbox 1404 1239 1455 1292; x_wconf 75' lang='grc' dir='ltr'>δι</span> <span class='ocrx_word' id='word_1_104' title='bbox 1487 1235 1733 1293; x_wconf 88' lang='lat' dir='ltr'>Annium</span> <span class='ocrx_word' id='word_1_105' title='bbox 1776 1236 1901 1296; x_wconf 79' lang='lat' dir='ltr'>Sca·</span> 
     </span>
     <span class='ocr_line' id='line_1_15' title="bbox 163 1309 1910 1391; baseline 0.002 -23"><span class='ocrx_word' id='word_1_106' title='bbox 163 1311 380 1388; x_wconf 84' lang='lat' dir='ltr'>pulam,</span> <span class='ocrx_word' id='word_1_107' title='bbox 421 1310 678 1369; x_wconf 84' lang='lat' dir='ltr'>maximae</span> <span class='ocrx_word' id='word_1_108' title='bbox 717 1309 999 1389; x_wconf 88' lang='lat' dir='ltr'>dignitatis</span> <span class='ocrx_word' id='word_1_109' title='bbox 1046 1315 1098 1368; x_wconf 73' lang='grc' dir='ltr'>δε</span> <span class='ocrx_word' id='word_1_110' title='bbox 1138 1313 1332 1391; x_wconf 75' lang='lat' dir='ltr'>gratiae</span> <span class='ocrx_word' id='word_1_111' title='bbox 1370 1313 1764 1389; x_wconf 79' lang='lat' dir='ltr'>provincialem</span> <span class='ocrx_word' id='word_1_112' title='bbox 1806 1314 1910 1372; x_wconf 88' lang='lat' dir='ltr'>ho-</span> 
     </span>
     <span class='ocr_line' id='line_1_16' title="bbox 164 1387 1907 1470; baseline 0.002 -23"><span class='ocrx_word' id='word_1_113' title='bbox 164 1390 399 1456; x_wconf 87' lang='lat' dir='ltr'>minem,</span> <span class='ocrx_word' id='word_1_114' title='bbox 451 1387 660 1466; x_wconf 76' lang='lat' dir='ltr'>sibique</span> <span class='ocrx_word' id='word_1_115' title='bbox 708 1403 817 1447; x_wconf 90' lang='lat' dir='ltr'>tam</span> <span class='ocrx_word' id='word_1_116' title='bbox 865 1388 1190 1449; x_wconf 81' lang='lat' dir='ltr'>familiarem</span> <span class='ocrx_word' id='word_1_117' title='bbox 1232 1390 1405 1470; x_wconf 70' lang='lat' dir='ltr'>quam</span> <span class='ocrx_word' id='word_1_118' title='bbox 1454 1392 1800 1451; x_wconf 87' lang='lat' dir='ltr'>Laterensem</span> <span class='ocrx_word' id='word_1_119' title='bbox 1853 1398 1907 1450; x_wconf 73' lang='grc' dir='ltr'>δε</span> 
     </span>
     <span class='ocr_line' id='line_1_17' title="bbox 162 1467 1907 1545; baseline 0.002 -18"><span class='ocrx_word' id='word_1_120' title='bbox 162 1468 467 1535; x_wconf 86' lang='lat' dir='ltr'>Racilium,</span> <span class='ocrx_word' id='word_1_121' title='bbox 511 1468 566 1525; x_wconf 92' lang='lat' dir='ltr'>in</span> <span class='ocrx_word' id='word_1_122' title='bbox 595 1467 787 1526; x_wconf 69' lang='lat' dir='ltr'>eadem</span> <span class='ocrx_word' id='word_1_123' title='bbox 819 1467 970 1527; x_wconf 86' lang='lat' dir='ltr'>fuiffe</span> <span class='ocrx_word' id='word_1_124' title='bbox 1022 1468 1443 1545; x_wconf 87' lang='lat' dir='ltr'>conjuratione:</span> <span class='ocrx_word' id='word_1_125' title='bbox 1489 1491 1589 1530; x_wconf 87' lang='lat' dir='ltr'>nec</span> <span class='ocrx_word' id='word_1_126' title='bbox 1633 1472 1730 1531; x_wconf 89' lang='lat' dir='ltr'>diu</span> <span class='ocrx_word' id='word_1_127' title='bbox 1784 1490 1907 1530; x_wconf 86' lang='lat' dir='ltr'>mo-</span> 
     </span>
     <span class='ocr_line' id='line_1_18' title="bbox 161 1546 1904 1625; baseline 0.002 -20"><span class='ocrx_word' id='word_1_128' title='bbox 161 1563 315 1605; x_wconf 82' lang='lat' dir='ltr'>ratur</span> <span class='ocrx_word' id='word_1_129' title='bbox 361 1546 609 1604; x_wconf 84' lang='lat' dir='ltr'>dolorem</span> <span class='ocrx_word' id='word_1_130' title='bbox 653 1546 826 1614; x_wconf 83' lang='lat' dir='ltr'>suum,</span> <span class='ocrx_word' id='word_1_131' title='bbox 868 1549 1004 1624; x_wconf 68' lang='lat' dir='ltr'>quin</span> <span class='ocrx_word' id='word_1_132' title='bbox 1048 1567 1143 1616; x_wconf 77' lang='lat' dir='ltr'>eos</span> <span class='ocrx_word' id='word_1_133' title='bbox 1187 1549 1417 1607; x_wconf 88' lang='lat' dir='ltr'>interfici</span> <span class='ocrx_word' id='word_1_134' title='bbox 1447 1549 1627 1625; x_wconf 86' lang='lat' dir='ltr'>jubet.</span> <span class='ocrx_word' id='word_1_135' title='bbox 1710 1549 1904 1609; x_wconf 89' lang='lat' dir='ltr'>Minu-</span> 
     </span>
     <span class='ocr_line' id='line_1_19' title="bbox 161 1624 1903 1706; baseline 0.004 -23"><span class='ocrx_word' id='word_1_136' title='bbox 161 1627 305 1684; x_wconf 87' lang='lat' dir='ltr'>tium</span> <span class='ocrx_word' id='word_1_137' title='bbox 333 1625 542 1682; x_wconf 86' lang='lat' dir='ltr'>libertis</span> <span class='ocrx_word' id='word_1_138' title='bbox 570 1624 795 1695; x_wconf 81' lang='lat' dir='ltr'>transdit</span> <span class='ocrx_word' id='word_1_139' title='bbox 842 1625 1311 1694; x_wconf 78' lang='lat' dir='ltr'>excruciandum3</span> <span class='ocrx_word' id='word_1_140' title='bbox 1354 1629 1491 1688; x_wconf 89' lang='lat' dir='ltr'>item</span> <span class='ocrx_word' id='word_1_141' title='bbox 1538 1629 1903 1706; x_wconf 79' lang='lat' dir='ltr'>Calpurnium</span> 
     </span>
     <span class='ocr_line' id='line_1_20' title="bbox 161 1703 1904 1786; baseline 0.003 -24"><span class='ocrx_word' id='word_1_142' title='bbox 161 1705 518 1774; x_wconf 82' lang='lat' dir='ltr'>Salvianum:</span> <span class='ocrx_word' id='word_1_143' title='bbox 567 1704 681 1782; x_wconf 86' lang='lat' dir='ltr'>qui·</span> <span class='ocrx_word' id='word_1_144' title='bbox 718 1703 1003 1782; x_wconf 84' lang='lat' dir='ltr'>profitetur</span> <span class='ocrx_word' id='word_1_145' title='bbox 1054 1705 1341 1776; x_wconf 79' lang='lat' dir='ltr'>indicium,</span> <span class='ocrx_word' id='word_1_146' title='bbox 1382 1707 1904 1786; x_wconf 71' lang='lat' dir='ltr'>conjuratorumque</span> 
     </span>
     <span class='ocr_line' id='line_1_21' title="bbox 159 1783 1913 1862; baseline 0.002 -21"><span class='ocrx_word' id='word_1_147' title='bbox 159 1802 461 1841; x_wconf 87' lang='lat' dir='ltr'>numerum</span> <span class='ocrx_word' id='word_1_148' title='bbox 506 1796 699 1862; x_wconf 78' lang='lat' dir='ltr'>auget3</span> <span class='ocrx_word' id='word_1_149' title='bbox 749 1783 897 1852; x_wconf 75' lang='lat' dir='ltr'>vere,</span> <span class='ocrx_word' id='word_1_150' title='bbox 942 1799 1001 1842; x_wconf 87' lang='lat' dir='ltr'>ut</span> <span class='ocrx_word' id='word_1_151' title='bbox 1051 1786 1279 1861; x_wconf 73' lang='lat' dir='ltr'>quidam</span> <span class='ocrx_word' id='word_1_152' title='bbox 1307 1787 1647 1857; x_wconf 79' lang='lat' dir='ltr'>existimant3</span> <span class='ocrx_word' id='word_1_153' title='bbox 1678 1801 1737 1845; x_wconf 88' lang='lat' dir='ltr'>ut</span> <span class='ocrx_word' id='word_1_154' title='bbox 1764 1807 1913 1854; x_wconf 58' lang='lat' dir='ltr'>nom.</span> 
     </span>
     <span class='ocr_line' id='line_1_22' title="bbox 161 1862 1902 1935; baseline 0.003 -13"><span class='ocrx_word' id='word_1_155' title='bbox 161 1862 307 1922; x_wconf 89' lang='lat' dir='ltr'>nulli</span> <span class='ocrx_word' id='word_1_156' title='bbox 380 1875 658 1930; x_wconf 59' lang='lat' dir='ltr'>ueruntun</span> <span class='ocrx_word' id='word_1_157' title='bbox 686 1865 922 1931; x_wconf 67' lang='lat' dir='ltr'>coaftus.</span> <span class='ocrx_word' id='word_1_158' title='bbox 1007 1862 1206 1931; x_wconf 86' lang='lat' dir='ltr'>Iisdem</span> <span class='ocrx_word' id='word_1_159' title='bbox 1233 1865 1558 1924; x_wconf 85' lang='lat' dir='ltr'>cruciatibus</span> <span class='ocrx_word' id='word_1_160' title='bbox 1584 1867 1806 1927; x_wconf 63' lang='lat' dir='ltr'>affectus</span> <span class='ocrx_word' id='word_1_161' title='bbox 1830 1867 1902 1935; x_wconf 75' lang='lat' dir='ltr'>L.</span> 
     </span>
     <span class='ocr_line' id='line_1_23' title="bbox 160 1882 1902 2021; baseline 0.002 -21"><span class='ocrx_word' id='word_1_162' title='bbox 160 1882 456 2019; x_wconf 55' lang='lat' dir='ltr'>MergiliO.</span> <span class='ocrx_word' id='word_1_163' title='bbox 536 1938 775 2019; x_wconf 86' lang='lat' dir='ltr'>Squillus</span> <span class='ocrx_word' id='word_1_164' title='bbox 805 1942 1053 2002; x_wconf 87' lang='lat' dir='ltr'>nominat</span> <span class='ocrx_word' id='word_1_165' title='bbox 1083 1943 1294 2018; x_wconf 87' lang='lat' dir='ltr'>plures:</span> <span class='ocrx_word' id='word_1_166' title='bbox 1339 1964 1477 2021; x_wconf 87' lang='lat' dir='ltr'>quos</span> <span class='ocrx_word' id='word_1_167' title='bbox 1505 1942 1707 2004; x_wconf 74' lang='lat' dir='ltr'>Caffiu&#39;s</span> <span class='ocrx_word' id='word_1_168' title='bbox 1734 1946 1902 2015; x_wconf 74' lang='lat' dir='ltr'>inter-</span> 
     </span>
     <span class='ocr_line' id='line_1_24' title="bbox 158 2018 1895 2098; baseline 0.003 -19"><span class='ocrx_word' id='word_1_169' title='bbox 158 2020 253 2080; x_wconf 87' lang='lat' dir='ltr'>fici</span> <span class='ocrx_word' id='word_1_170' title='bbox 299 2018 498 2097; x_wconf 82' lang='lat' dir='ltr'>jubet3</span> <span class='ocrx_word' id='word_1_171' title='bbox 539 2022 784 2096; x_wconf 83' lang='lat' dir='ltr'>exceptis</span> <span class='ocrx_word' id='word_1_172' title='bbox 819 2021 923 2089; x_wconf 10' lang='lat' dir='ltr'>riis,</span> <span class='ocrx_word' id='word_1_173' title='bbox 982 2022 1080 2098; x_wconf 89' lang='lat' dir='ltr'>qui</span> <span class='ocrx_word' id='word_1_174' title='bbox 1109 2022 1158 2077; x_wconf 89' lang='lat' dir='ltr'>se</span> <span class='ocrx_word' id='word_1_175' title='bbox 1213 2023 1448 2096; x_wconf 62' lang='lat' dir='ltr'>pecunia</span> <span class='ocrx_word' id='word_1_176' title='bbox 1500 2022 1895 2084; x_wconf 78' lang='lat' dir='ltr'>redemerunt:</span> 
     </span>
     <span class='ocr_line' id='line_1_25' title="bbox 161 2094 1904 2177; baseline 0.002 -20"><span class='ocrx_word' id='word_1_177' title='bbox 161 2119 298 2164; x_wconf 82' lang='lat' dir='ltr'>nam</span> <span class='ocrx_word' id='word_1_178' title='bbox 348 2099 531 2177; x_wconf 69' lang='lat' dir='ltr'>palam</span> <span class='ocrx_word' id='word_1_179' title='bbox 579 2099 679 2158; x_wconf 88' lang='lat' dir='ltr'>HS</span> <span class='ocrx_word' id='word_1_180' title='bbox 710 2119 773 2166; x_wconf 84' lang='lat' dir='ltr'>x,</span> <span class='ocrx_word' id='word_1_181' title='bbox 815 2118 941 2157; x_wconf 91' lang='lat' dir='ltr'>cum</span> <span class='ocrx_word' id='word_1_182' title='bbox 970 2094 1276 2176; x_wconf 78' lang='lat' dir='ltr'>Calpurnio</span> <span class='ocrx_word' id='word_1_183' title='bbox 1306 2098 1638 2176; x_wconf 72' lang='lat' dir='ltr'>&#39;paciscitur3</span> <span class='ocrx_word' id='word_1_184' title='bbox 1682 2102 1734 2161; x_wconf 68' lang='grc' dir='ltr'>δε</span> <span class='ocrx_word' id='word_1_185' title='bbox 1772 2121 1904 2167; x_wconf 87' lang='lat' dir='ltr'>cum</span> 
     </span>
     <span class='ocr_line' id='line_1_26' title="bbox 162 2177 1903 2254; baseline 0.003 -19"><span class='ocrx_word' id='word_1_186' title='bbox 162 2179 245 2247; x_wconf 88' lang='lat' dir='ltr'>Q.</span> <span class='ocrx_word' id='word_1_187' title='bbox 297 2178 508 2244; x_wconf 86' lang='lat' dir='ltr'>Sexti0,</span> <span class='ocrx_word' id='word_1_188' title='bbox 570 2197 635 2237; x_wconf 77' lang='lat' dir='ltr'>L:</span> <span class='ocrx_word' id='word_1_189' title='bbox 695 2178 789 2254; x_wconf 90' lang='lat' dir='ltr'>qui</span> <span class='ocrx_word' id='word_1_190' title='bbox 817 2179 857 2236; x_wconf 86' lang='lat' dir='ltr'><strong>fi</strong></span> <span class='ocrx_word' id='word_1_191' title='bbox 903 2177 1146 2236; x_wconf 74' lang='lat' dir='ltr'>maxime</span> <span class='ocrx_word' id='word_1_192' title='bbox 1173 2197 1430 2236; x_wconf 86' lang='lat' dir='ltr'>nocentes</span> <span class='ocrx_word' id='word_1_193' title='bbox 1472 2180 1592 2241; x_wconf 85' lang='lat' dir='ltr'>sunt</span> <span class='ocrx_word' id='word_1_194' title='bbox 1639 2179 1853 2245; x_wconf 83' lang='lat' dir='ltr'>multati</span> <span class='ocrx_word' id='word_1_195' title='bbox 1880 2203 1903 2250; x_wconf 76' lang='lat'>3</span> 
     </span>
     <span class='ocr_line' id='line_1_27' title="bbox 162 2256 1905 2337; baseline 0.004 -23"><span class='ocrx_word' id='word_1_196' title='bbox 162 2271 356 2315; x_wconf 88' lang='lat' dir='ltr'>tamen</span> <span class='ocrx_word' id='word_1_197' title='bbox 399 2256 704 2335; x_wconf 89' lang='lat' dir='ltr'>periculum</span> <span class='ocrx_word' id='word_1_198' title='bbox 753 2258 880 2315; x_wconf 83' lang='lat' dir='ltr'>vitae</span> <span class='ocrx_word' id='word_1_199' title='bbox 920 2258 1190 2333; x_wconf 88' lang='lat' dir='ltr'>dolorque</span> <span class='ocrx_word' id='word_1_200' title='bbox 1240 2257 1525 2316; x_wconf 84' lang='lat' dir='ltr'>vulnerum</span> <span class='ocrx_word' id='word_1_201' title='bbox 1552 2258 1791 2337; x_wconf 62' lang='lat' dir='ltr'>pecunia</span> <span class='ocrx_word' id='word_1_202' title='bbox 1816 2278 1905 2322; x_wconf 87' lang='lat' dir='ltr'>re·</span> 
     </span>
    </p>

    <p class='ocr_par' dir='ltr' id='par_1_3' title="bbox 153 2335 1921 3501">
     <span class='ocr_line' id='line_1_28' title="bbox 161 2335 1822 2415; baseline 0.001 -19"><span class='ocrx_word' id='word_1_203' title='bbox 161 2336 373 2402; x_wconf 82' lang='lat' dir='ltr'>missus,</span> <span class='ocrx_word' id='word_1_204' title='bbox 414 2336 791 2394; x_wconf 83' lang='lat' dir='ltr'>crudelitatem</span> <span class='ocrx_word' id='word_1_205' title='bbox 820 2355 950 2394; x_wconf 89' lang='lat' dir='ltr'>cum</span> <span class='ocrx_word' id='word_1_206' title='bbox 976 2335 1201 2393; x_wconf 84' lang='lat' dir='ltr'>avaritia</span> <span class='ocrx_word' id='word_1_207' title='bbox 1227 2336 1445 2397; x_wconf 64' lang='lat' dir='ltr'>certz‘tss‘e</span> <span class='ocrx_word' id='word_1_208' title='bbox 1471 2337 1822 2415; x_wconf 80' lang='lat' dir='ltr'>significabat.</span> 
     </span>
     <span class='ocr_line' id='line_1_29' title="bbox 241 2413 1905 2493; baseline 0.002 -20"><span class='ocrx_word' id='word_1_209' title='bbox 241 2414 459 2473; x_wconf 87' lang='lat' dir='ltr'><strong>XLIII.</strong></span> <span class='ocrx_word' id='word_1_210' title='bbox 502 2415 736 2492; x_wconf 89' lang='lat' dir='ltr'>Aliquot</span> <span class='ocrx_word' id='word_1_211' title='bbox 764 2415 880 2493; x_wconf 88' lang='lat' dir='ltr'>post</span> <span class='ocrx_word' id='word_1_212' title='bbox 920 2413 1134 2482; x_wconf 87' lang='lat' dir='ltr'>diebus,</span> <span class='ocrx_word' id='word_1_213' title='bbox 1176 2415 1380 2473; x_wconf 84' lang='lat' dir='ltr'>litteras</span> <span class='ocrx_word' id='word_1_214' title='bbox 1406 2414 1440 2473; x_wconf 74' lang='grc' dir='ltr'>ὲ</span> <span class='ocrx_word' id='word_1_215' title='bbox 1491 2415 1701 2477; x_wconf 77' lang='lat' dir='ltr'>Caesare</span> <span class='ocrx_word' id='word_1_216' title='bbox 1729 2418 1905 2476; x_wconf 68' lang='lat' dir='ltr'>missa:</span> 
     </span>
     <span class='ocr_line' id='line_1_30' title="bbox 163 2492 1906 2577; baseline 0.002 -24"><span class='ocrx_word' id='word_1_217' title='bbox 163 2493 404 2570; x_wconf 59' lang='lat' dir='ltr'>accipin</span> <span class='ocrx_word' id='word_1_218' title='bbox 477 2492 674 2570; x_wconf 88' lang='lat' dir='ltr'>quibus</span> <span class='ocrx_word' id='word_1_219' title='bbox 726 2493 1004 2572; x_wconf 87' lang='lat' dir='ltr'>cognoscit</span> <span class='ocrx_word' id='word_1_220' title='bbox 1049 2494 1375 2577; x_wconf 87' lang='lat' dir='ltr'>Pompeium</span> <span class='ocrx_word' id='word_1_221' title='bbox 1425 2495 1480 2553; x_wconf 88' lang='lat' dir='ltr'>in</span> <span class='ocrx_word' id='word_1_222' title='bbox 1527 2496 1644 2555; x_wconf 84' lang='lat' dir='ltr'>acie</span> <span class='ocrx_word' id='word_1_223' title='bbox 1694 2496 1906 2563; x_wconf 64' lang='lat' dir='ltr'>vistum</span> 
     </span>
     <span class='ocr_line' id='line_1_31' title="bbox 162 2571 1907 2657; baseline 0.002 -27"><span class='ocrx_word' id='word_1_224' title='bbox 162 2572 359 2630; x_wconf 81' lang='lat' dir='ltr'>amissis</span> <span class='ocrx_word' id='word_1_225' title='bbox 409 2573 584 2649; x_wconf 79' lang='lat' dir='ltr'>copiis</span> <span class='ocrx_word' id='word_1_226' title='bbox 626 2571 836 2650; x_wconf 84' lang='lat' dir='ltr'>fugiffe.</span> <span class='ocrx_word' id='word_1_227' title='bbox 920 2571 1053 2650; x_wconf 65' lang='lat' dir='ltr'>Qa</span> <span class='ocrx_word' id='word_1_228' title='bbox 1100 2593 1158 2632; x_wconf 90' lang='lat' dir='ltr'>re</span> <span class='ocrx_word' id='word_1_229' title='bbox 1202 2573 1427 2657; x_wconf 65' lang='lat' dir='ltr'>cognita</span> <span class='ocrx_word' id='word_1_230' title='bbox 1461 2574 1671 2633; x_wconf 85' lang='lat' dir='ltr'>mistam</span> <span class='ocrx_word' id='word_1_231' title='bbox 1724 2575 1907 2634; x_wconf 85' lang='lat' dir='ltr'>dolori</span> 
     </span>
     <span class='ocr_line' id='line_1_32' title="bbox 164 2644 1904 2728; baseline 0.003 -20"><span class='ocrx_word' id='word_1_232' title='bbox 164 2644 509 2728; x_wconf 79' lang='lat' dir='ltr'>vbluptatem</span> <span class='ocrx_word' id='word_1_233' title='bbox 564 2651 835 2727; x_wconf 81' lang='lat' dir='ltr'>capiebat.</span> <span class='ocrx_word' id='word_1_234' title='bbox 921 2653 1178 2711; x_wconf 70' lang='lat' dir='ltr'>Vistoriae</span> <span class='ocrx_word' id='word_1_235' title='bbox 1222 2654 1452 2712; x_wconf 84' lang='lat' dir='ltr'>nuncius</span> <span class='ocrx_word' id='word_1_236' title='bbox 1505 2653 1772 2723; x_wconf 67' lang='lat' dir='ltr'>laetitiam·</span> <span class='ocrx_word' id='word_1_237' title='bbox 1804 2673 1904 2713; x_wconf 86' lang='lat' dir='ltr'>ex-</span> 
     </span>
     <span class='ocr_line' id='line_1_33' title="bbox 163 2728 1902 2809; baseline 0.003 -23"><span class='ocrx_word' id='word_1_238' title='bbox 163 2729 486 2806; x_wconf 74' lang='lat' dir='ltr'>primebatz</span> <span class='ocrx_word' id='word_1_239' title='bbox 528 2728 839 2791; x_wconf 57' lang='lat' dir='ltr'>confestum</span> <span class='ocrx_word' id='word_1_240' title='bbox 888 2729 1095 2789; x_wconf 88' lang='lat' dir='ltr'>bellum</span> <span class='ocrx_word' id='word_1_241' title='bbox 1142 2731 1420 2790; x_wconf 87' lang='lat' dir='ltr'>licentiam</span> <span class='ocrx_word' id='word_1_242' title='bbox 1464 2747 1776 2809; x_wconf 86' lang='lat' dir='ltr'>temporum</span> <span class='ocrx_word' id='word_1_243' title='bbox 1814 2733 1902 2792; x_wconf 86' lang='lat' dir='ltr'>in-</span> 
     </span>
     <span class='ocr_line' id='line_1_34' title="bbox 168 2808 1904 2880; baseline 0.002 -14"><span class='ocrx_word' id='word_1_244' title='bbox 168 2808 528 2867; x_wconf 87' lang='lat' dir='ltr'>tercludebat.</span> <span class='ocrx_word' id='word_1_245' title='bbox 613 2809 702 2865; x_wconf 90' lang='lat' dir='ltr'>Sic</span> <span class='ocrx_word' id='word_1_246' title='bbox 723 2823 839 2866; x_wconf 86' lang='lat' dir='ltr'>erat</span> <span class='ocrx_word' id='word_1_247' title='bbox 864 2809 1063 2868; x_wconf 87' lang='lat' dir='ltr'>dubius</span> <span class='ocrx_word' id='word_1_248' title='bbox 1093 2810 1283 2878; x_wconf 87' lang='lat' dir='ltr'>animi,</span> <span class='ocrx_word' id='word_1_249' title='bbox 1312 2810 1491 2869; x_wconf 70' lang='lat' dir='ltr'>utrum</span> <span class='ocrx_word' id='word_1_250' title='bbox 1519 2811 1656 2869; x_wconf 86' lang='lat' dir='ltr'>nihil</span> <span class='ocrx_word' id='word_1_251' title='bbox 1686 2812 1904 2880; x_wconf 79' lang='lat' dir='ltr'>timere,</span> 
     </span>
     <span class='ocr_line' id='line_1_35' title="bbox 163 2885 1903 2959; baseline 0.003 -14"><span class='ocrx_word' id='word_1_252' title='bbox 163 2904 233 2945; x_wconf 82' lang='lat' dir='ltr'>an</span> <span class='ocrx_word' id='word_1_253' title='bbox 285 2886 477 2945; x_wconf 85' lang='lat' dir='ltr'>omnia</span> <span class='ocrx_word' id='word_1_254' title='bbox 528 2885 694 2944; x_wconf 88' lang='lat' dir='ltr'>licere</span> <span class='ocrx_word' id='word_1_255' title='bbox 746 2889 953 2946; x_wconf 89' lang='lat' dir='ltr'>mallet.</span> <span class='ocrx_word' id='word_1_256' title='bbox 1038 2890 1250 2946; x_wconf 87' lang='lat' dir='ltr'>Sanatis</span> <span class='ocrx_word' id='word_1_257' title='bbox 1304 2889 1637 2959; x_wconf 82' lang='lat' dir='ltr'>vulneribus,</span> <span class='ocrx_word' id='word_1_258' title='bbox 1679 2892 1903 2950; x_wconf 72' lang='lat' dir='ltr'>accersit</span> 
     </span>
     <span class='ocr_line' id='line_1_36' title="bbox 162 2965 1921 3055; baseline 0.002 -33"><span class='ocrx_word' id='word_1_259' title='bbox 162 2984 356 3023; x_wconf 83' lang='lat' dir='ltr'>omnes</span> <span class='ocrx_word' id='word_1_260' title='bbox 409 2965 506 3055; x_wconf 74' lang='lat' dir='ltr'>qui</span> <span class='ocrx_word' id='word_1_261' title='bbox 559 2965 656 3023; x_wconf 82' lang='lat' dir='ltr'>fibi</span> <span class='ocrx_word' id='word_1_262' title='bbox 712 2967 967 3039; x_wconf 91' lang='lat' dir='ltr'>pecunias</span> <span class='ocrx_word' id='word_1_263' title='bbox 1018 2966 1277 3044; x_wconf 85' lang='lat' dir='ltr'>expensas</span> <span class='ocrx_word' id='word_1_264' title='bbox 1327 2969 1580 3036; x_wconf 87' lang='lat' dir='ltr'>tulerant,</span> <span class='ocrx_word' id='word_1_265' title='bbox 1623 2969 1921 3048; x_wconf 19' lang='lat' dir='ltr'>acceptas-t</span> 
     </span>
     <span class='ocr_line' id='line_1_37' title="bbox 205 3044 1899 3126; baseline 0.002 -25"><span class='ocrx_word' id='word_1_266' title='bbox 205 3064 269 3102; x_wconf 90' lang='lat' dir='ltr'>ue</span> <span class='ocrx_word' id='word_1_267' title='bbox 297 3064 388 3102; x_wconf 86' lang='lat' dir='ltr'>eas</span> <span class='ocrx_word' id='word_1_268' title='bbox 424 3044 587 3119; x_wconf 86' lang='lat' dir='ltr'>Jubet</span> <span class='ocrx_word' id='word_1_269' title='bbox 629 3044 837 3102; x_wconf 85' lang='lat' dir='ltr'>referri.</span> <span class='ocrx_word' id='word_1_270' title='bbox 917 3045 1133 3126; x_wconf 82' lang='lat' dir='ltr'>Qibus</span> <span class='ocrx_word' id='word_1_271' title='bbox 1164 3066 1358 3123; x_wconf 87' lang='lat' dir='ltr'>parum</span> <span class='ocrx_word' id='word_1_272' title='bbox 1400 3046 1686 3107; x_wconf 81' lang='lat' dir='ltr'>videbatur</span> <span class='ocrx_word' id='word_1_273' title='bbox 1714 3052 1899 3126; x_wconf 76' lang='lat' dir='ltr'>impo-</span> 
     </span>
     <span class='ocr_line' id='line_1_38' title="bbox 158 3064 1900 3207; baseline 0.004 -28"><span class='ocrx_word' id='word_1_274' title='bbox 158 3064 308 3182; x_wconf 41' lang='lat' dir='ltr'>ssuiffe</span> <span class='ocrx_word' id='word_1_275' title='bbox 331 3123 539 3190; x_wconf 80' lang='lat' dir='ltr'>oneris,</span> <span class='ocrx_word' id='word_1_276' title='bbox 582 3124 907 3201; x_wconf 88' lang='lat' dir='ltr'>ampliorem</span> <span class='ocrx_word' id='word_1_277' title='bbox 932 3126 1222 3202; x_wconf 84' lang='lat' dir='ltr'>pecuniam</span> <span class='ocrx_word' id='word_1_278' title='bbox 1251 3126 1503 3204; x_wconf 77' lang='lat' dir='ltr'>imperat.</span> <span class='ocrx_word' id='word_1_279' title='bbox 1588 3128 1772 3207; x_wconf 84' lang='lat' dir='ltr'>Qem</span> <span class='ocrx_word' id='word_1_280' title='bbox 1803 3148 1900 3186; x_wconf 83' lang='lat' dir='ltr'>au-</span> 
     </span>
     <span class='ocr_line' id='line_1_39' title="bbox 162 3202 1896 3285; baseline 0.003 -27"><span class='ocrx_word' id='word_1_281' title='bbox 162 3216 271 3262; x_wconf 88' lang='lat' dir='ltr'>tem</span> <span class='ocrx_word' id='word_1_282' title='bbox 303 3202 688 3262; x_wconf 88' lang='lat' dir='ltr'>Romanorum</span> <span class='ocrx_word' id='word_1_283' title='bbox 715 3202 989 3263; x_wconf 60' lang='lat' dir='ltr'>delefium</span> <span class='ocrx_word' id='word_1_284' title='bbox 1037 3205 1295 3271; x_wconf 80' lang='lat' dir='ltr'>instituit3</span> <span class='ocrx_word' id='word_1_285' title='bbox 1336 3205 1582 3285; x_wconf 76' lang='lat' dir='ltr'>quosque</span> <span class='ocrx_word' id='word_1_286' title='bbox 1616 3226 1686 3265; x_wconf 81' lang='lat' dir='ltr'>ex</span> <span class='ocrx_word' id='word_1_287' title='bbox 1712 3207 1896 3265; x_wconf 88' lang='lat' dir='ltr'>omni-</span> 
     </span>
     <span class='ocr_line' id='line_1_40' title="bbox 158 3279 1895 3363; baseline 0.003 -27"><span class='ocrx_word' id='word_1_288' title='bbox 158 3279 258 3337; x_wconf 81' lang='lat' dir='ltr'>bus</span> <span class='ocrx_word' id='word_1_289' title='bbox 284 3281 648 3339; x_wconf 80' lang='lat' dir='ltr'>conventibus</span> <span class='ocrx_word' id='word_1_290' title='bbox 678 3281 1012 3363; x_wconf 87' lang='lat' dir='ltr'>coloniisque</span> <span class='ocrx_word' id='word_1_291' title='bbox 1038 3283 1368 3360; x_wconf 89' lang='lat' dir='ltr'>conscriptos</span> <span class='ocrx_word' id='word_1_292' title='bbox 1398 3286 1634 3347; x_wconf 85' lang='lat' dir='ltr'>habebat</span> <span class='ocrx_word' id='word_1_293' title='bbox 1661 3311 1677 3352; x_wconf 69' lang='grc' dir='ltr'>ς</span> <span class='ocrx_word' id='word_1_294' title='bbox 1722 3283 1895 3342; x_wconf 87' lang='lat' dir='ltr'>trans-</span> 
     </span>
     <span class='ocr_line' id='line_1_41' title="bbox 153 3360 1895 3501; baseline 0.001 -82"><span class='ocrx_word' id='word_1_295' title='bbox 153 3360 369 3423; x_wconf 70' lang='lat' dir='ltr'>marina</span> <span class='ocrx_word' id='word_1_296' title='bbox 393 3360 595 3422; x_wconf 66' lang='lat' dir='ltr'>militia</span> <span class='ocrx_word' id='word_1_297' title='bbox 621 3363 956 3442; x_wconf 83' lang='lat' dir='ltr'>perterritos,</span> <span class='ocrx_word' id='word_1_298' title='bbox 992 3361 1060 3421; x_wconf 85' lang='lat' dir='ltr'>ad</span> <span class='ocrx_word' id='word_1_299' title='bbox 1092 3362 1410 3424; x_wconf 82' lang='lat' dir='ltr'>sacramenti</span> <span class='ocrx_word' id='word_1_300' title='bbox 1450 3364 1895 3501; x_wconf 42' lang='lat' dir='ltr'>redemptioarzem</span> 
     </span>
     <span class='ocr_line' id='line_1_42' title="bbox 713 3449 1898 3500; baseline 0.003 -3"><span class='ocrx_word' id='word_1_301' title='bbox 713 3449 720 3455; x_wconf 74' lang='lat'><strong><em>‘</em></strong></span> <span class='ocrx_word' id='word_1_302' title='bbox 827 3458 830 3459; x_wconf 69' lang='grc'>’</span> <span class='ocrx_word' id='word_1_303' title='bbox 1454 3456 1458 3461; x_wconf 76' lang='grc'><em>·</em></span> <span class='ocrx_word' id='word_1_304' title='bbox 1642 3459 1742 3500; x_wconf 78' lang='lat' dir='ltr'>voc</span> <span class='ocrx_word' id='word_1_305' title='bbox 1820 3455 1898 3500; x_wconf 79' lang='lat' dir='ltr'>at.</span> 
     </span>
    </p>
   </div>
  </div>
 </body>
</html>
