2169 3766
450 213 563 262 DE
622 188 920 260 nmo
977 186 1716 288 Anaxanonmo.
1826 213 1970 288 327

244 339 253 347 ·
294 306 544 367 XXXV.
570 306 862 373 octavius,
891 305 1064 383 quum
1094 302 1385 362 Vatinium
1422 306 1641 365 claffem
1676 310 1881 388 magni
1907 307 1989 369 ἑο

193 402 368 469 parte
426 385 741 445 confectam
797 404 868 442 ex
896 382 1167 442 naviculis
1197 384 1450 442 actuariis
1511 387 1717 445 habere
1755 407 1971 468 cogim-

200 468 417 534 viffet3
461 462 694 524 confisus
745 461 842 522 sua
892 461 1074 532 classe,
1115 460 1342 521 substitit
1382 463 1451 528 ad
1495 465 1723 525 insulam
1754 469 1964 526 Tauri-

192 547 338 606 dem
366 566 385 604 ι
421 542 547 621 qua
579 542 808 622 regione
839 540 1105 600 Vatinius
1126 540 1434 617 'insequens
1465 545 1805 621 navigabat,
1844 565 1961 617 non

200 623 368 703 quod
416 623 723 680 Oflavium
751 621 833 680 ibi
874 618 1115 677 restitisse
1161 617 1341 688 sciret,
1381 619 1469 678 sed
1502 623 1652 699 quod
1682 643 1811 683 eum
1836 623 1967 683 ion'-

207 705 342 782 gius
395 701 735 779 progressum
788 698 998 777 insequi
1051 698 1395 758 decreverat.
1459 703 1675 779 rQum
1730 703 1959 781 propias

200 781 525 841 Tauridem
582 778 904 845 acceffisset;
945 776 1184 835 distensis
1237 776 1343 835 suis
1396 781 1655 849 navibus,
1701 782 1850 858 quod
1902 788 1956 840 δε

137 911 152 922 .
202 860 506 937 temp‘estas
556 871 674 917 erat
701 857 1035 922 turbulenta,
1080 859 1132 913 sc
1171 856 1336 920 nulla.
1352 855 1586 935 suspicio
1613 861 1823 928 hostis3
1866 881 1956 919 re.

98 948 106 957 ·
153 979 159 984 .
205 939 387 1018 pente
426 936 712 996 adversam
754 936 824 996 ad
867 935 923 993 se
963 934 1279 993 venientem
1325 955 1545 1003 navem,
1588 940 1840 998 antennis
1883 941 1962 1000 ad

207 1018 467 1092 medium
521 1016 733 1075 malum
781 1013 1036 1080 demiffis,
1091 1014 1400 1074 instruitam
1450 1018 1971 1096 propugnatoribus

207 1095 623 1158 animadvertit.
708 1093 877 1172 Qod
930 1092 1026 1149 ubi
1052 1093 1356 1168 conspexit,
1398 1097 1649 1153 celeriter
1678 1097 1802 1155 vela
1830 1098 1961 1156 sub·

205 1176 371 1243 duci,
410 1171 738 1250 demittique
767 1185 1038 1230 antennas
1058 1170 1241 1246 jubet,
1282 1177 1334 1231 &
1364 1174 1564 1232 milites
1592 1177 1825 1238 armari:
1880 1183 1962 1246 δε,

206 1253 426 1313 vexillo
451 1251 686 1320 sublate,
727 1270 841 1329 quo
867 1250 1160 1329 pugnandi
1186 1251 1358 1310 dabat
1395 1252 1645 1330 fignum3
1688 1274 1815 1332 quae
1842 1258 1958 1333 pri-

210 1354 323 1392 mae
350 1351 519 1391 naves
547 1329 1038 1409 subsequebantur,
1080 1329 1230 1389 idem
1276 1343 1336 1387 ut
1376 1332 1638 1399 facerent,
1682 1333 1960 1413 fignifica-

213 1411 334 1470 bat.
415 1410 693 1469 Parabant
738 1410 790 1467 se
833 1409 1151 1477 Vatiniani,
1191 1409 1415 1487 repente
1462 1411 1737 1489 oppreffi:
1775 1415 1963 1488 parati

210 1492 481 1567 deinceps
525 1487 825 1547 OCtaviani
872 1507 946 1546 ex
991 1503 1153 1566 portu
1197 1489 1591 1565 procedebant.
1673 1492 1964 1549 instruitur

212 1570 495 1647 utrimque
543 1568 726 1626 acies=
782 1567 976 1625 ordine
1027 1566 1285 1644 disposita
1333 1567 1535 1646 magis,
1603 1571 1953 1630 Ofiaviana:

211 1648 464 1727 paratior
491 1647 727 1704 militum
756 1646 977 1713 animis,
1018 1646 1342 1718 Vatiniana.
1467 1662 1474 1672 '
1830 1655 1841 1669 ¹

298 1726 571 1783 XXXVI.
600 1725 879 1793 Vatinius,
907 1744 1080 1800 quum
1104 1726 1566 1784 animadverteret
1592 1746 1774 1806 neque
1799 1730 1957 1788 navi-

213 1825 313 1863 um
343 1804 396 1863 se
423 1804 824 1882 magnitudine,
865 1823 1044 1881 neque
1098 1823 1329 1862 numero
1373 1823 1564 1881 parem
1613 1809 1718 1866 esse
1758 1807 1962 1868 suturae

133 1908 163 1925 2
211 1886 562 1946 dimicationi
589 1885 884 1952 ;‘fortunae
924 1902 1039 1941 rem
1080 1886 1425 1943 committere
1463 1886 1678 1944 maluit.
1759 1888 1965 1968 itaque

217 1966 435 2042 primus
487 1961 582 2021 sua
633 1964 1021 2042 quinqueremi
1069 1964 1131 2019 in
1160 1964 1563 2039 quadriremem
1594 1966 1758 2042 ipfius
1783 1968 1959 2025 oeta-

216 2043 298 2101 vii
325 2043 596 2119 impetum
624 2042 775 2099 fecit.
856 2039 1161 2121 Celerrime
1203 2040 1590 2121 sortiffimeque
1617 2043 1806 2103 contra
1853 2046 1962 2104 illo

219 2123 551 2199 remigante,
578 2129 747 2179 'naves
777 2119 1015 2179 adversae
1061 2121 1242 2177 rostris
1265 2136 1595 2178 concurrunt
1620 2121 1761 2180 adeo
1788 2124 1958 2182 vehe-

221 2215 460 2265 menter,
502 2211 561 2258 ut
587 2200 743 2256 navis
784 2198 1120 2265 octaviana,
1158 2201 1321 2257 rostro
1349 2198 1597 2266 dismffo,
1640 2202 1796 2279 ligny
1823 2221 1958 2261 corr-

218 2280 505 2337 tineretur.
589 2278 973 2336 Committitur
1014 2278 1211 2335 acriter
1257 2277 1479 2354 reliquis
1508 2279 1643 2336 locis
1673 2279 1954 2356 proeliun2,

223 2357 676 2435 concurritfirque
705 2358 774 2429 ad
803 2358 973 2414 duces
1000 2354 1244 2413 maxime
1270 2382 1285 2415 z
1330 2376 1467 2426 nam,
1489 2376 1661 2433 quum
1691 2358 1783 2416 suo
1810 2360 1959 2437 quis-

225 2456 337 2514 que
365 2436 631 2494 auxilium
657 2436 842 2503 ferret,
883 2454 1147 2512 magnum
1191 2435 1438 2493 cominus
1480 2438 1535 2494 in
1563 2438 1793 2514 angusto
1818 2439 1961 2496 mari

224 2515 485 2594 proelium
516 2514 720 2573 :sactum
748 2515 821 2572 est
851 2535 866 2571 ι
908 2513 1231 2599 quantoque
1257 2514 1561 2609 conjunctis
1589 2517 1769 2593 magis
1794 2518 1957 2574 navi-

226 2595 330 2652 bus
357 2592 696 2671 confligendi
725 2594 957 2670 potestas
983 2593 1238 2660 dabatur,
1279 2606 1435 2651 tanto
1473 2594 1774 2670 superiores
1800 2609 1963 2654 erant

224 2672 553 2745 Vatiniani:
596 2672 692 2751 qui
737 2672 1065 2730 admiranda
1107 2674 1308 2731 virtute
1358 2692 1428 2731 ex
1472 2671 1578 2730 suis
1627 2674 1859 2731 navibus
1888 2675 1959 2734 ¹in

151 2774 158 2781 ·
223 2751 459 2809 hostium
505 2770 673 2809 naves
724 2752 984 2809 transilire
1028 2769 1140 2808 non
1183 2751 1563 2818 dubitabant;
1602 2758 1653 2810 &
1682 2752 1956 2811 dimicati-

226 2848 338 2888 one
365 2829 602 2909 aequati‚
641 2828 812 2908 longe
860 2827 1158 2907 superiores
1186 2830 1404 2898 virtute,
1458 2850 1572 2895 rem
1604 2831 1836 2889 feliciter
1862 2853 1962 2910 ge-

224 2910 444 2967 rebant.
526 2908 872 2985 Deprimitur
893 2908 1055 2985 ipsius
1083 2908 1304 2966 octavii
1331 2909 1725 2985 quadriremis:
1771 2915 1962 2972 multae

223 3001 490 3064 praeterea
534 2989 843 3064 capiuntur,
886 3002 981 3044 aut
1025 2988 1202 3045 rostris
1258 2990 1544 3064 perforatae
1592 3004 1953 3069 merguntur:

223 3081 666 3144 propugnatores
694 3066 991 3123 Oflaviani
1021 3067 1222 3142 partim
1251 3067 1306 3122 in
1339 3066 1569 3125 navibus
1611 3068 1960 3145 jugulantur,

224 3147 432 3221 partim
460 3145 518 3202 in
548 3164 700 3204 mare
727 3144 1160 3223 praecipitantur.
1232 3149 1256 3203 J
1264 3144 1356 3221 pse
1384 3145 1648 3203 octavius
1677 3148 1729 3204 se
1758 3148 1814 3203 in
1843 3147 1960 3208 sca-

224 3223 398 3299 pham
430 3224 688 3291 confert;
727 3225 785 3280 in
814 3242 981 3300 quam
1014 3224 1194 3300 plures
1234 3241 1405 3302 quum
1436 3226 1821 3302 confugerent,
1861 3229 1967 3286 de-‘
2018 3250 2033 3265 ²

223 3302 403 3377 preffa
431 3302 666 3379 scapha;
711 3302 1023 3359 vulneratus
1059 3316 1244 3361 tamen
1287 3303 1515 3360 adnatat
1553 3311 1621 3361 ad
1652 3304 1806 3361 suum
1836 3318 1985 3380 azy-²

225 3398 578 3460 oparonem:
621 3400 692 3444 eo
715 3393 990 3462 receptus,
1024 3400 1198 3460 quum
1225 3382 1487 3463 proelium
1524 3402 1636 3444 nox
1657 3382 1962 3454 dirimeret,

1829 3477 1997 3558 εειηζ.
