2169 3766
477 145 575 195 DE
633 118 889 195 Βειιο
938 122 1234 221 (Σινηι,
1268 122 1453 195 Lr'ss.
1501 121 1630 197 ΙΙΙ.
1758 147 1900 227 293

113 264 263 308 non
307 256 631 325 potuerunt,
665 257 844 321 -atque
873 246 1109 303 univerfi
1141 261 1299 324 terga
1323 259 1619 305 verterunt.
1699 246 1917 325 Neque

119 325 289 385 vei-6
319 323 598 383 Caesarem
627 322 846 392 fefellit,
876 325 1013 402 quin
1043 324 1115 381 ab
1144 326 1217 381 iis
1240 326 1584 391 cohortibuS,
1616 347 1742 404 quae
1770 346 1908 384 con-

121 419 233 464 tra
277 405 594 482 equitatum
635 402 694 458 in
736 423 803 460 1v
832 406 951 466 acie
977 405 1264 460 collocatae
1293 405 1743 466 effent.‘initium
1788 406 1909 463 vic·

129 488 319 543 toriae
347 483 620 549 oriretur3
666 490 723 539 ut
750 481 865 558 ipse
892 483 949 538 in
978 483 1332 539 cohortandis
1362 484 1630 542 militibus
1657 502 1908 560 pronun·

134 564 452 628 ciaverat:
495 561 568 618 ab
597 560 681 616 his
709 561 858 617 enim
902 559 1142 637 primum
1169 562 1440 637 equitatus
1468 564 1546 620 est-
1569 562 1789 638 pulsus:
1831 562 1909 621 ab

135 640 364 700 iisdem
404 638 555 697 saeta
579 639 758 697 caedes
784 639 1188 716 sagittariorum
1217 653 1385 716 atque
1411 641 1751 699 funditorum
1770 666 1787 698 a
1831 642 1907 699 ab

137 719 363 777 iisdem
412 720 560 777 acies
604 719 947 793 Pompeiana
988 716 1022 773 ὲ
1061 718 1261 776 sinistra
1311 735 1466 796 parte
1505 722 1908 792 circumventa,

144 812 337 877 atque
365 797 585 855 initium
616 787 764 874 sti‘gae
791 796 1017 853 saelum.

240 875 550 935 LXXVII.
595 875 701 933 Sed
733 876 1047 951 Pompeius,
1077 887 1138 932 ut
1165 875 1472 953 equitatum
1503 875 1655 934 suum
1687 875 1908 952 pulsum

136 954 345 1020 'vidiu
390 966 558 1031 atque
585 972 709 1010 eam
737 966 974 1029 partem,
1009 955 1099 1011 cui
1130 954 1374 1011 maxime
1404 954 1740 1020 confidebat,
1783 975 1911 1032 per-

149 1029 879 1097 territam'animadvertiu
925 1032 1046 1089 aliis
1072 1032 1297 1100 diffisus,
1340 1033 1459 1090 acie
1488 1035 1733 1091 exceffit:
1776 1053 1909 1109 pro·

155 1105 426 1190 tinusque
456 1112 511 1168 se
539 1112 596 1167 in
623 1110 797 1168 castra
822 1129 970 1187 equo
1000 1111 1268 1178 contulit;
1299 1117 1349 1169 Sc
1376 1112 1446 1169 iis
1466 1113 1907 1180 centurionibus,

159 1210 310 1271 quos
342 1195 401 1248 in
438 1191 663 1249 statione
691 1190 762 1246 ad
803 1190 1118 1266 praetoriam
1160 1206 1376 1265 portam
1416 1190 1690 1267 posuerat,
1733 1189 1910 1259 clarE,

163 1286 229 1329 ut
259 1269 465 1328 milites
491 1268 838 1335 exaudirent,
866 1269 1151 1334 Tueamim',
1190 1269 1387 1346 inquit,
1416 1273 1599 1335 castra,
1638 1270 1708 1328 {5⁹
1735 1272 1793 1326 de
1820 1287 1911 1326 end

163 1354 274 1407 erite
300 1345 591 1425 diligenter,
604 1349 664 1425 fi
684 1351 810 1423 quid
827 1351 1003 1403 durius
1028 1349 1290 1404 acciderit.
1359 1349 1467 1425 Ego
1494 1351 1710 1423 reliquas
1731 1363 1910 1423 portas

167 1432 436 1494 circumeo,
486 1423 559 1494 ἐρ’
600 1429 871 1498 castrorum
915 1426 1157 1501 praefidia
1207 1427 1454 1503 corfirmo.
1540 1429 1680 1484 Haec
1731 1447 1908 1505 quum

167 1505 410 1568 dixisset,
454 1503 593 1563 sein
630 1502 945 1581 praetorium
973 1503 1227 1571 contulit,
1268 1505 1495 1576 summae
1519 1506 1596 1563 rei
1632 1506 1907 1573 diffidens,

170 1590 223 1642 δι
269 1597 459 1641 tamen
500 1595 760 1641 eventum
788 1580 1127 1658 exspectans.
1213 1583 1414 1649 Caesar,
1456 1584 1808 1661 Pompeianis
1836 1602 1909 1641 ex

169 1662 314 1741 fuga
338 1660 485 1719 intra
510 1661 719 1719 vallum
747 1660 1061 1737 compulsis,
1105 1660 1318 1719 nullum
1346 1663 1583 1739 spatium
1613 1664 1920 1739 perterritis.

171 1742 312 1799 dare
336 1759 374 1798 o
417 1752 593 1800 ortere
619 1740 909 1806 aestimans,
949 1738 1153 1798 milites
1180 1741 1498 1798 c'ohortatus
1525 1744 1617 1809 est,
1657 1756 1713 1799 ut
1742 1742 1914 1799 bene*

172 1820 306 1880 ficio
384 1833 595 1878 ortunae
647 1832 945 1887 uterentur,
995 1818 1273 1898 castraque
1311 1835 1736 1900 oppugnarent:
1790 1821 1915 1899 qui,

172 1901 271 1959 eui
312 1918 523 1978 magno
565 1901 691 1957 aestu
730 1898 968 1976 fatigati,
1026 1902 1183 1975 (nam
1224 1899 1297 1958 ad
1338 1901 1625 1958 meridiem
1666 1919 1750 1957 res
1791 1915 1911 1957 erat

173 1978 466 2058 perducta)
497 1992 686 2036 tamen
714 1978 785 2036 ad
811 1996 1038 2035 omnem
1065 1977 1317 2035 laborem
1347 1979 1538 2036 animo
1563 1980 1760 2052 parati,
1802 1980 1908 2036 im·-

174 2058 333 2137 perio
362 2071 680 2134 paruerunt.
753 2057 941 2127 Castra
970 2054 1003 2112 a
1032 2056 1370 2124 cohortibus,
1401 2077 1523 2133 quae
1549 2057 1627 2113 ibi
1656 2058 1908 2133 praefidio

175 2137 613 2197 erantssrelieiae.
666 2133 922 2202 industrie
977 2133 1453 2200 defendebantur;
1490 2132 1687 2192 'multo
1738 2138 1907 2193 etiam

181 2215 361 2274 acrius
405 2214 439 2272 a
465 2214 782 2273 Thracibus
825 2211 1180 2288 barbarisque
1209 2214 1428 2270 auxiliis
1445 2235 1481 2278 ι,
1509 2233 1636 2271 nam
1664 2215 1771 2291 qui
1790 2217 1913 2272 acie

181 2294 499 2371 refugerant
550 2293 771 2362 milita,
828 2296 878 2348 δε
934 2293 1125 2348 animo
1180 2293 1448 2367 perterriti
1501 2298 1551 2348 &
1603 2293 1924 2350 laffitudine‘

183 2373 439 2439 confeffi,
495 2371 655 2429 mistis
711 2369 983 2448 plerisque
1007 2370 1186 2427 -arrnis
1237 2368 1509 2447 signisque
1557 2372 1913 2441 militaribus,

187 2451 363 2529 tnagis
393 2452 464 2508 de
504 2449 716 2528 reliqua
745 2449 897 2528 fuga,
942 2449 1110 2527 quam
1139 2450 1209 2506 de
1238 2451 1526 2508 castrorum
1568 2448 1917 2518 defensione,
1991 2489 1995 2494 ·

186 2530 523 2608 cogitabant.
608 2529 813 2606 Neque
841 2530 974 2586 verb
1001 2526 1227 2597 diutius,
1269 2529 1365 2606 qui
1399 2529 1459 2586 in
1485 2528 1634 2587 vallo
1660 2529 1912 2586 constite-

186 2623 327 2685 rant,
380 2608 793 2675 multitudinem
844 2609 1075 2666 telorum
1130 2606 1381 2671 sustinere
1432 2612 1751 2684 potuerunt,
1814 2606 1911 2666 sed

189 2687 419 2745 confecti
472 2687 813 2753 vulneribus,
877 2687 1062 2744 locum
1118 2688 1487 2764 reliquerunt:
1557 2687 1916 2763 protinusque

188 2786 393 2833 omnes,
437 2767 668 2824 ducibus
700 2766 774 2824 ufi
816 2765 1228 2822 centurionibus
1268 2764 1606 2841 tribunisque
1646 2765 1911 2833 militum,

189 2845 244 2902 in
278 2845 553 2902 altiffimos
580 2857 818 2912 montes,
860 2843 955 2922 qui
982 2844 1051 2902 ad
1094 2845 1265 2902 castra
1300 2844 1671 2922 pertinebant,
1711 2844 1911 2904 confu-

229 2937 398 2981 erunt.

191 2944 226 3002 g
264 2986 592 3059 LXXVIII.
638 3002 699 3058 In
741 2999 921 3059 castris
956 3000 1210 3078 Pompeii
1250 3001 1437 3059 videre
1477 2998 1635 3060 licuit
1670 3003 1918 3063 triclinia-

192 3082 367 3147 strata,
408 3099 680 3158 magnum
723 3083 942 3157 argenti
982 3081 1198 3156 pondus
1239 3080 1573 3158 expositum,
1598 3084 1910 3142 recentibus

193 3159 475 3235 cespitibus
503 3160 864 3216 tabernacula
891 3160 1197 3226 constratam
1240 3161 1305 3219 L.
1347 3160 1515 3218 etiam
1559 3161 1805 3229 Lentuli,
1860 3167 1919 3222 &-

193 3238 602 3303 nonnullorum,
643 3238 1003 3294 tabernacula
1045 3241 1293 3310 protecta
1326 3240 1572 3307 hedera3
1627 3241 1914 3318 multaque

197 3332 477 3394 praeterea,
516 3335 643 3394 quae
685 3317 911 3375 nimiam
956 3315 1254 3454 liguriam,
1298 3324 1349 3379 <Sc
1377 3319 1618 3379 vifioriae
1656 3318 1923 3454 {idria-ciam.

1023 3466 1034 3474 ἡ
1086 3412 1113 3471 3
1709 3415 1929 3476 ‹tignar-
