2169 3766
340 229 446 278 ms
505 203 772 276 Bmo
829 186 1679 276 GAmeo-'Lmqvm
1774 203 1914 300 185

170 315 244 376 ad
271 314 531 375 senatum
557 315 629 373 de
655 311 888 374 Caesaris
916 313 1253 392 provinciis:
1299 312 1687 393 sententiisque
1714 313 1872 373 dictis
1921 336 1946 381 3

163 396 548 455 disceffionem
579 394 818 453 faciente
844 393 1141 461 Marcello,
1171 394 1269 472 qui
1296 392 1394 452 fibi
1417 412 1642 453 omnem
1670 393 1917 474 dignita-

169 491 291 536 tem
332 495 409 535 ex
441 473 670 534 Caesaris
707 472 923 533 invidia
950 473 1272 553 quaerebat3
1313 472 1527 533 senatus
1556 473 1815 553 frequens
1855 473 1919 532 in

168 556 288 614 alia
328 555 527 613 omnia
565 551 792 610 tranfiit.
874 553 1094 630 Qibus
1135 570 1250 610 non
1303 553 1700 633 frangebantur
1739 552 1914 611 animi
1971 621 1982 629 ,

168 634 536 693 inimicorum
574 631 842 701 Caesaris3
881 632 977 690 sed
1017 631 1482 699 admonebantur,
1524 632 1640 710 quo
1678 632 1920 708 majores

172 727 441 793 pararent
480 711 915 779 neceffitudines,
969 711 1173 788 quibus
1213 712 1340 791 cogi
1394 712 1567 790 poffet
1606 711 1817 771 senatus
1856 709 1918 788 ἰᾴ

173 793 443 871 probare,
473 791 627 868 quod
655 791 756 868 ipfi
783 791 1190 849 constituissent.

257 871 445 930 XLV.
476 873 562 928 Fit
589 869 793 928 deinde
817 872 871 927 S.
897 870 962 928 C.
995 882 1053 927 ut
1081 870 1150 928 ad
1183 869 1395 929 bellum
1423 870 1743 929 Parthicum
1769 858 1920 948 legio

175 970 293 1010 una
340 949 374 1008 a
415 951 524 1008 Cn.
569 948 858 1026 Pompeio,
913 949 1089 1007 altera
1128 948 1163 1008 ἐι
1202 949 1272 1009 C.
1319 949 1536 1008 Caesare
1588 951 1917 1008 mitteretur.

175 1031 391 1108 Neque
418 1026 648 1087 obscure
690 1028 778 1086 hae
806 1028 930 1087 duae
969 1027 1219 1106 legiones
1258 1029 1353 1087 uni
1382 1029 1583 1101 Caesari
1618 1027 1919 1088 detrahun-

178 1123 290 1168 tur.
373 1109 527 1167 Nam
558 1108 667 1164 Cn.
698 1107 995 1185 Pompeius
1023 1109 1305 1188 legionem
1342 1110 1603 1186 primam,
1644 1110 1816 1186 quam
1846 1106 1921 1166 ad

180 1187 463 1248 Caesarem
492 1185 732 1255 miserat,
774 1187 1086 1246 confectam
1114 1206 1184 1245 ex
1210 1187 1428 1265 delectu
1470 1188 1770 1266 provinciae
1796 1186 1923 1246 Cae-

176 1267 314 1325 saris
334 1290 353 1335 3
398 1281 688 1345 tamquam
716 1284 789 1325 ex
817 1266 912 1325 suo
940 1285 1194 1336 numero,
1237 1267 1411 1326 dedit.
1496 1266 1679 1327 Caesar
1707 1282 1922 1335 tamen,

178 1367 361 1426 quum
402 1347 473 1404 de
505 1347 791 1404 voluntate
820 1346 1257 1406 adversariorum
1299 1346 1519 1406 suorum
1562 1346 1772 1406 nemini
1811 1346 1919 1404 du·

182 1426 343 1486 bium
388 1426 540 1501 effet,
580 1427 687 1487 Cn.
716 1426 987 1505 Pompeio
1027 1426 1311 1506 legionem
1350 1427 1591 1503 remifit;
1632 1431 1683 1486 &
1710 1445 1781 1485 ex
1822 1425 1921 1485 suo

183 1525 419 1564 numero
458 1505 735 1565 decimam
780 1507 1054 1585 quintam,
1109 1526 1280 1584 quam
1332 1507 1391 1566 in
1432 1507 1627 1566 Gallia
1667 1506 1922 1566 citeriore

185 1587 481 1654 habuerat,
534 1604 606 1644 ex
656 1584 1120 1645 senatusconsulto
1166 1586 1329 1664 jubet
1377 1586 1601 1645 transdi.
1681 1588 1748 1645 In
1801 1584 1926 1662 ejus

185 1666 374 1724 locum
420 1684 546 1722 xur
593 1664 876 1742 legionem
915 1667 973 1723 in
1013 1666 1233 1725 Italiam
1278 1667 1466 1734 mittit,
1506 1687 1632 1744 quae
1672 1665 1923 1744 praefidia

185 1756 451 1811 tueretur,
492 1763 563 1802 ex
589 1744 791 1822 quibus
832 1744 1095 1822 praesidiis
1120 1746 1341 1817 decima
1367 1746 1564 1825 quinta
1603 1744 1923 1805 deduceba-
2008 1771 2012 1774 >

185 1837 307 1883 tur:
351 1823 470 1903 ipse
497 1824 801 1885 exercitum
831 1823 1101 1883 distribuit
1136 1843 1235 1903 per
1268 1825 1554 1903 hyberna3
1598 1826 1669 1885 C.
1699 1825 1923 1885 Trebo-

184 1905 364 1973 nium,
398 1924 524 1963 cum
553 1904 865 1983 legionibus
898 1924 986 1969 ιν,
1017 1906 1077 1962 in
1109 1904 1303 1984 Belgio
1331 1906 1602 1973 collocat3
1653 1906 1725 1964 C.
1753 1904 1927 1963 Fabi-

189 2004 305 2053 um,
346 2003 478 2043 curn
521 1984 776 2054 totidem,
818 1986 876 2043 in
919 1983 1137 2043 AEduos
1178 1985 1423 2044 deducit.
1507 1984 1598 2043 Sic
1633 1984 1785 2043 enim
1826 2002 1925 2046 ex·

182 2064 817 2141 istimabatffitutiffimam
857 2062 977 2123 fore
1017 2063 1303 2125 Galliam:
1341 2065 1645 2145 ’fiKBelgaz
1685 2081 1926 2144 quorum

181 2144 440 2202 maxima
479 2143 687 2210 virtus;
744 2148 796 2201 δε
838 2142 1036 2214 AEdui,
1090 2163 1329 2223 quorum
1368 2146 1660 2206 auctoritas
1710 2144 1926 2204 summa

182 2222 347 2290 effet3
393 2222 728 2281 exercitibus
755 2223 1187 2283 continerentur.
1501 2245 1516 2254 ·

134 2367 145 2378 ,
264 2302 484 2362 XLVI.
519 2302 544 2358 1
551 2302 643 2380 pse
668 2304 728 2362 in
754 2302 975 2364 Italiam
1000 2304 1278 2382 profectus
1305 2304 1399 2365 est.
1461 2305 1597 2383 Qo
1626 2321 1801 2384 quum
1827 2319 1927 2361 ve·

183 2381 374 2449 niffen
426 2380 725 2461 cognoscit,
765 2402 865 2461 per
892 2383 959 2441 C.
995 2384 1335 2443 Marcellum
1361 2385 1647 2443 consulem
1676 2383 1925 2462 legiones

186 2482 265 2527 ιι,
306 2461 383 2519 ab
420 2460 474 2518 se
501 2461 760 2529 remissas,
802 2482 927 2540 quae
955 2481 1024 2521 ex
1067 2463 1530 2522 senatusconsulto
1558 2464 1829 2522 deberent
1855 2460 1929 2519 ad

181 2541 512 2599 Parthicum
555 2540 765 2600 bellum
791 2542 941 2610 duci,
987 2543 1099 2599 Cn.
1129 2542 1400 2620 Pompeio
1442 2541 1729 2600 transditas
1761 2553 1929 2618 atque

182 2620 244 2679 in
287 2618 462 2678 Italia
500 2631 739 2678 retentas
781 2621 911 2679 effe.
988 2622 1123 2681 Hoc
1160 2621 1347 2690 factm
1398 2639 1746 2701 quamquam
1789 2618 1928 2679 nulli

184 2711 306 2757 erat
345 2698 603 2767 dubium,
647 2699 783 2777 quin
826 2718 981 2758 arma
1019 2714 1215 2758 contra
1254 2699 1531 2760 Caesarem
1570 2712 1928 2781 pararentur;

185 2790 379 2836 tamen
419 2777 609 2837 Caesar
647 2780 837 2837 omnia
889 2779 1152 2857 patienda
1192 2780 1297 2838 effe
1337 2780 1539 2849 statuit,
1593 2778 1780 2859 quoad
1828 2777 1929 2836 fibi

186 2856 960 3003 {pff-aliquadrelinqueretur
991 2859 1117 2937 jure
1143 2858 1327 2941 potius
1353 2858 1715 2939 disceptandi,
1756 2877 1930 2942 quam

230 2956 260 2997 e
304 2956 521 3019 lgeren
565 2958 604 2999 1·
1779 2965 1783 2973 “

1463 3334 1539 3406 c,
1590 3325 1948 3426 JULII
