2169 3766
390 123 475 198 C.
533 113 850 217 Ju‘prr
908 119 1473 207 CAEsARJs,
1527 117 1668 194 &a
1773 125 1952 211 413'

457 240 593 318 Pag.
628 239 773 316 364„
809 241 997 314 Caesc'rr
1021 237 1152 316 Imp.
1180 242 1406 300 Ciceroni
1429 243 1558 319 Imp.
1588 243 1644 302 S.
1947 309 1950 310 γ

261 317 376 376 Etfi
430 330 485 376 te
527 320 670 377 nihil
722 333 947 390 temere,
1000 321 1141 378 nihil
1193 320 1594 400 imprudenter,
1648 320 1922 385 faciurum

158 397 533 474 judicaram3
582 410 771 455 tamen
812 414 1094 475 permotus
1136 400 1427 460 hominum
1468 399 1641 468 fama,
1683 398 1926 457 scriben-

159 478 323 535 dum
366 476 436 533 ad
479 490 534 534 te
568 477 895 545 existimavi,
940 491 995 534 et
1034 497 1138 554 pro
1174 478 1352 538 nostra
1393 477 1785 539 benevolentia
1821 495 1923 554 pe-

153 557 433 622 tendum,
476 574 547 613 ne
582 574 695 634 quo
738 556 1140 634 progredereris
1181 557 1495 635 proclinata
1528 558 1645 634 jam
1687 576 1765 625 re,
1787 554 1921 692 &aa

152 633 403 711 integra
453 636 622 691 etiam
684 635 1155 711 progrediendum
1209 638 1312 695 tibi
1367 634 1782 700 nonrexistima
1826 655 1921 699 es3

159 731 431 790 namque
461 719 512 770 δι
540 712 799 770 amicitiae
827 716 1138 790 graviorem
1179 715 1437 792 injuriam
1480 716 1697 782 feceris,
1740 719 1789 772 &
1818 712 1925 774 tibi

160 790 369 850 minus
398 789 694 850 commode
720 792 1079 861 consulueris,
1122 793 1158 850 si
1204 815 1313 853 non
1355 796 1589 854 fortunae
1628 792 1924 852 obsecutus

165 869 490 936 videbare,
529 872 743 946 (omnia
769 871 917 927 enim
949 872 1325 931 secundiffiina
1351 874 1532 940 nobis,
1563 872 1926 932 adverfissima

164 948 299 1007 illis
353 949 604 1008 accidisse
638 950 925 1022 videntur)
982 969 1087 1008 nec
1129 948 1347 1010 causam
1405 951 1638 1018 secutus,
1696 951 1922 1026 (eadem

170 1027 341 1084 enim
382 1039 500 1086 tum
540 1029 666 1095 fuit,
715 1047 888 1104 quum
931 1029 1002 1086 ab
1042 1047 1234 1087 eorum
1278 1031 1513 1099 consiliis
1557 1031 1735 1088 abesse
1769 1029 1926 1104 judi-

173 1106 347 1178 casti)
392 1106 482 1163 sed
525 1124 712 1165 meum
754 1107 979 1183 aliquod
1022 1107 1229 1165 facturn
1271 1108 1754 1173 condemnaviss‘e3
1808 1125 1926 1185 quo

169 1184 327 1242 mihi
356 1185 577 1261 gravius
607 1185 706 1242 abs
735 1198 786 1242 te
816 1187 892 1242 nil
922 1186 1176 1244 accidere
1202 1190 1406 1264 potest:
1448 1188 1601 1264 quod
1630 1207 1695 1243 ne
1726 1184 1924 1252 saciaS,
2001 1251 2010 1255 -

170 1281 291 1340 pro
335 1262 459 1338 jure
501 1265 691 1321 nostrae
733 1264 991 1321 amicitiae
1032 1264 1065 1321 ὲ
1106 1278 1159 1322 te
1201 1280 1350 1342 peto.
1433 1264 1727 1333 Postremo,
1782 1263 1922 1339 quid

170 1341 330 1397 viro»
366 1342 535 1404 bono,
590 1348 641 1399 δέ
685 1344 894 1418 quieto,
948 1348 999 1399 δε
1055 1343 1204 1407 bono
1246 1346 1353 1402 civi
1410 1344 1586 1422 magis
1637 1344 1925 1409 convenit,

172 1422 356 1496 quarn
400 1421 579 1477 abess'e
618 1422 651 1478 a
690 1422 944 1478 civilibus
988 1423 1405 1480 controverfiis?
1463 1424 1613 1500 quod
1668 1422 1923 1479 nonnulli

170 1516 359 1574 quum
403 1498 718 1573 probarent,
760 1499 992 1573 periculi
1027 1500 1194 1558 causa
1237 1500 1390 1577 sequi
1433 1521 1544 1558 non
1585 1515 1915 1578 potuerunt:

171 1587 266 1643 tu,
309 1575 601 1653 explorato
635 1582 696 1658 ιδε
737 1577 864 1634 vitae
904 1596 1046 1636 meae
1074 1578 1410 1644 testimonio,
1451 1584 1499 1636 &
1536 1579 1795 1637 amicitiae
1829 1578 1922 1652 ju-

130 1692 149 1705 ·
172 1653 357 1722 dicio,
397 1674 577 1733 neque
605 1656 771 1714 tutius
800 1674 996 1734 neque*
1018 1657 1293 1716 honestius
1320 1658 1558 1735 reperies
1585 1658 1920 1735 quidquam,

176 1731 355 1810 quam
398 1734 474 1793 ab
510 1734 664 1792 omni
705 1736 1060 1795 contentione
1084 1735 1287 1796 abeffe.
1373 1757 1479 1796 xv.
1511 1736 1644 1797 Kal.
1674 1735 1820 1797 Mai.
1847 1752 1920 1795 ex

176 1812 403 1872 itinere.
484 1812 652 1872 Vale.
1751 1833 1754 1834 ’

464 1972 601 2051 Pag.
633 1990 767 2052 349.
810 1972 990 2045 Caesar
1019 1974 1186 2050 Oppio
1213 1973 1282 2035 δ’
1310 1976 1539 2033 Cornelio
1568 1976 1623 2033 S.

264 2049 509 2111 Gaudeo
529 2052 849 2110 mehercule
869 2071 969 2110 vos
989 2051 1293 2130 significare
1319 2055 1533 2121 litteriS,
1563 2053 1731 2131 quam
1753 2053 1924 2113 valde

176 2128 428 2206 probetis
454 2148 545 2195 ea,
587 2148 712 2208 quae
740 2132 889 2207 apud
918 2132 1225 2190 Corfinium
1266 2133 1389 2193 sunt
1423 2135 1587 2211 gesta.
1672 2134 1922 2192 Consilio

179 2208 361 2264 vestro
388 2220 507 2266 utar
533 2208 803 2277 libenter3
847 2215 898 2267 δε
928 2211 1035 2268 hoc
1062 2210 1346 2279 libentiiw,
1386 2211 1537 2288 quod
1571 2209 1698 2269 mea
1726 2211 1919 2288 sponte

178 2283 368 2342 facere
396 2288 804 2355 constitueram,
843 2303 900 2346 ut
926 2289 1092 2365 quam
1123 2290 1444 2349 leniffimum
1477 2310 1564 2348 rne
1594 2290 1920 2366 praebereni,

185 2368 241 2420 &
270 2364 596 2439 Pompeium
641 2368 830 2424 darem
872 2386 1104 2442 operam
1147 2384 1207 2426 ut
1244 2370 1679 2427 reconciliarem.
1759 2370 1918 2426 Ten-

182 2454 367 2500 ternus
408 2446 517 2502 hoc
554 2445 746 2508 modo,
795 2447 830 2502 si
873 2447 1151 2522 possumus
1190 2451 1437 2506 omnium
1481 2449 1792 2506 voluntates
1832 2466 1919 2504 re-

182 2539 472 2598 cuperare,
500 2528 550 2579 &
579 2524 837 2582 diuturna
867 2526 1094 2582 vic‘loria
1125 2526 1236 2586 utia
1276 2529 1539 2605 quoniam
1570 2526 1766 2604 reliqui
1795 2546 1919 2584 cru-

92 2672 101 2675 k
185 2599 415 2656 delitate
442 2600 631 2659 odium
663 2604 907 2683 effugere
936 2623 1049 2661 non
1076 2620 1391 2682 potuerunt,
1421 2625 1603 2684 neque
1631 2607 1926 2664 vietoriam:

183 2680 391 2736 diutius
420 2693 639 2748 tenere3
683 2699 878 2758 praeter
909 2701 1076 2740 unum
1107 2685 1172 2740 L.
1205 2686 1435 2751 Sullam,
1473 2704 1640 2761 quern
1668 2684 1917 2742 imitatu·
1989 2756 1990 2759 Ἰ

185 2776 279 2813 rus
316 2776 429 2814 non
472 2758 606 2817 sum.
693 2761 833 2819 Haec
862 2778 1008 2818 nova
1036 2761 1099 2818 fit
1127 2763 1265 2820 ratio
1293 2763 1575 2829 vincendi,
1620 2775 1680 2819 ut
1709 2762 1919 2824 miseri-

184 2836 375 2893 cordia
404 2842 456 2894 δε
482 2838 814 2896 liberalitate
841 2858 940 2897 nos
966 2841 1303 2899 muniamus.
1350 2843 1410 2898 ld
1442 2841 1920 2921 quemadmodum

185 2913 306 2972 fieri
334 2914 506 2992 possit,
551 2917 818 2975 nonnulla
847 2918 988 2976 mihi
1012 2919 1071 2977 in
1100 2932 1343 2977 mentem
1372 2923 1618 2987 veniunt,
1657 2925 1713 2995 νδε
1742 2919 1920 2977 multa

182 2993 412 3070 reperiri
443 2996 685 3070 poffunt:
716 2998 785 3054 de
811 2997 896 3055 his
917 2996 1101 3064 rebus,
1131 3016 1268 3077 rogo
1292 3017 1408 3067 vos,
1439 3012 1499 3057 ut
1517 3000 1916 3078 cogitationem

186 3070 512 3146 suscipiatis.
594 3075 703 3132 Cn.
735 3076 1015 3153 Magium,
1052 3077 1305 3153 Pompeii
1333 3079 1678 3144 Praefeclum,
1720 3077 1942 3154 depre-⁷

186 3149 395 3209 hendi:
438 3150 647 3211 scilicet
687 3173 813 3210 meo
854 3155 1094 3211 instituto
1137 3156 1259 3213 usus
1301 3157 1440 3223 sum,
1484 3164 1532 3216 &
1570 3174 1695 3215 eum
1738 3155 1924 3214 statim

130 3284 133 3289 .
188 3230 406 3288 missum
433 3228 562 3289 feci.
620 3232 747 3307 Jam
777 3232 889 3289 duo
915 3232 1162 3292 Praefeffi
1191 3234 1409 3293 fabrum
1438 3228 1688 3312 Pompeii
1715 3234 1772 3292 in
1802 3253 1921 3292 rne-

189 3325 283 3370 am
321 3309 645 3389 potestatem
675 3324 959 3380 venerunt,
974 3317 1056 3449 ’ξ
1097 3312 1131 3370 ὲ
1171 3334 1259 3375 me
1288 3315 1422 3375 miffi
1462 3314 1623 3383 sunt,
1661 3314 1700 3372 fi
1726 3315 1939 3403 volent·

1077 3411 1111 3468 3
1776 3404 1927 3474 gran
