2169 3766
409 145 516 194 oa
570 119 878 191 ΒΕιιο
929 114 1616 187 HISPANIENSI.
1738 129 1885 213 409

152 244 376 303 saucius
408 241 708 319 Pompeius
750 259 917 298 naves
964 258 1095 297 xxx
1137 251 1379 314 occupat
1418 239 1636 315 longas,
1677 243 1729 296 &
1772 260 1903 318 pro-

160 325 332 402 fugit.
418 322 644 387 Didius,
698 319 795 396 qui
849 319 1032 376 Gadis
1088 317 1230 375 claffi
1283 317 1608 394 praefuiffet3
1672 320 1771 384 *Ψ*
1827 320 1905 377 ad

161 423 335 482 quem
379 401 535 459 simul
578 400 810 456 nuncius
839 398 1035 455 allatus
1063 399 1156 461 est,
1201 396 1487 455 confestim
1516 394 1667 473 sequi
1695 399 1905 475 coepit;

78 505 91 518 s
164 482 372 559 partim
417 478 752 557 peditatibus
780 482 831 535 δε
860 476 1199 554 equitatibus
1228 475 1297 533 ad
1338 474 1775 553 persequendum
1814 476 1909 535 ce-

164 564 358 619 leriter
384 563 489 617 iter
515 558 744 615 faciens·
831 556 972 612 Item
1005 575 1072 611 iv
1104 556 1215 619 die,
1247 556 1604 632 navigatione
1631 558 1908 624 confecta,

166 639 601 717 consequuntur.
685 634 799 714 Qi
855 635 1111 711 imparati
1161 633 1195 691 τὶ
1234 631 1461 690 Carteia
1514 634 1751 709 profecii
1802 635 1916 696 fine

171 718 329 795 aqua
371 718 609 783 fuifl'ent,
663 718 733 770 ad
789 730 989 770 terram
1033 714 1338 789 applicant.
1421 713 1577 770 Dum
1619 729 1915 792 aquantur,

172 800 384 857 Didius
412 796 571 853 classe
598 794 854 860 occurrit,
886 812 1052 849 naves
1080 790 1348 856 incendit,
1382 792 1677 849 nonnullas
1705 797 1876 870 capit.

218 874 591 933 ,XXXVJIL
638 872 930 948 Pompeius
959 891 1084 928 curn
1115 873 1304 947 paucis
1334 871 1602 948 profugit,
1646 876 1696 928 sc
1723 874 1916 935 locum

175 956 465 1035 quendam
522 952 794 1009 munitum
852 951 1042 1008 natura
1094 963 1350 1026 occupat.
1432 951 1662 1027 Equites
1718 958 1770 1010 δε
1821 973 1920 1013 co..

177 1039 376 1095 hortes
432 1050 557 1109 quae
601 1031 669 1086 ad
726 1028 1162 1105 persequendum
1199 1030 1384 1086 ‘miffae
1422 1032 1614 1097 effent,
1668 1029 1919 1108 specula-

170 1111 401 1173 toribus
455 1108 815 1174 antemiffis,
868 1110 1123 1165 certiores
1165 1108 1334 1165 fiunt:
1388 1109 1540 1168 diem
1592 1114 1643 1165 &
1698 1115 1921 1171 noctem

176 1197 292 1252 iter
334 1190 564 1248 faciunt.
650 1187 941 1262 Pompeius
985 1188 1216 1245 humero
1248 1193 1301 1245 &
1334 1188 1538 1245 sinistro
1567 1207 1723 1247 crure
1752 1194 1925 1248 vehe-

182 1283 406 1332 menter
434 1283 550 1325 erat
590 1265 824 1322 saucius.
906 1266 1040 1323 Huc
1082 1266 1406 1332 accedebat,
1450 1282 1509 1325 ut
1535 1267 1701 1326 etiam
1742 1272 1925 1329 talum

176 1348 510 1410 intorsisset:
567 1365 692 1422 quae
733 1344 1102 1402 res'maxime
1142 1346 1508 1421 impediebat.
1589 1349 1675 1405 Ita
1728 1349 1926 1407 lectica

179 1431 226 1488 ὲ
272 1445 414 1485 turre
456 1425 567 1502 qua
605 1426 733 1480 effet
774 1424 991 1488 allatus„
1045 1425 1102 1481 in
1145 1426 1210 1481 ea
1251 1424 1548 1484 ferebatur.
1631 1429 1925 1490 Lusitanus

186 1526 352 1569 more
392 1504 639 1569 militari,
695 1521 867 1579 quum
910 1502 943 1560 a
985 1502 1214 1562 Caesaris
1268 1502 1520 1579 praefidio
1572 1505 1751 1568 fuisset
1790 1528 1929 1564 con-

189 1588 430 1665 spectus,
487 1582 733 1640 celeriter
773 1583 1023 1658 equitatu
1070 1583 1499 1660 cohortibusque
1541 1584 1932 1644 circumcludi-

185 1683 306 1725 tur.
392 1665 525 1719 Erat
561 1660 805 1718 accessus
846 1662 952 1717 loci
992 1661 1314 1719 difficultas:
1343 1673 1492 1721 ‘nam
1532 1663 1736 1722 iccirco
1777 1665 1932 1744 quod

96 1769 112 1778 -
190 1757 428 1824 propter
467 1742 587 1797 suos
629 1738 662 1796 ὲ
704 1740 880 1797 nostro
921 1741 1169 1816 praesidio
1199 1741 1376 1797 fuisset
1403 1742 1743 1818 conspechis,
1786 1746 1931 1801 cele-

192 1827 332 1883 riter
385 1824 660 1877 munitum
708 1819 919 1880 locum.
949 1819 1147 1876 natura
1197 1835 1420 1896 ceperat
1473 1822 1569 1878 fibi
1611 1823 1928 1900 Pompeius,

192 1921 370 1982 quem
426 1904 519 1957 vix
573 1901 780 1975 magna
836 1899 1368 1969 τηιιῙῑὶῑιιάἰηε’ΨΜἸ
1404 1901 1626 1958 deducti
1679 1903 1936 1960 homines

197 2004 274 2041 ex
329 1982 601 2055 superiore
662 1981 788 2034 loco
842 1977 1141 2037 defendere
1198 1979 1427 2053 poffent.
1512 1980 1820 2037 Subeuntes
1872 1984 1933 2038 in

201 2063 450 2120 adventu
507 2058 669 2115 nostri
719 2057 1072 2134 depelluntur
1121 2058 1278 2122 telis;
1328 2057 1533 2134 quibus
1587 2056 1937 2127 cedentibus,

200 2137 463 2217 cupidius
504 2135 933 2212 insequebantur
974 2133 1287 2201 adversarii,
1328 2143 1385 2193 ·&
1427 2137 1708 2195 confestim
1752 2141 1937 2196 tarda-

162 2258 169 2259 ἡ
205 2225 350 2278 bant
377 2219 448 2273 ab
479 2217 706 2273 accessu.
761 2213 922 2272 -Hoc
961 2214 1156 2291 saepius
1183 2217 1352 2284 radin,
1395 2216 1939 2274 animadvertebatur

154 2310 161 2316 ⁴
204 2300 393 2357 nostro
435 2314 640 2372 magno
681 2292 737 2350 id
782 2293 898 2349 fieri
937 2295 1200 2370 periculo.
1283 2295 1470 2370 Opere
1510 2296 1941 2353 circummunire

208 2377 440 2435 instituit
457 2400 473 2442 ς
516 2374 638 2450 pari
652 2372 848 2430 ”autem
877 2377 927 2428 &
957 2374 1120 2430 celeri
1157 2373 1501 2449 festinatione
1525 2375 1733 2432 circum
1761 2376 1944 2433 muni·

208 2460 392 2514 tiones
420 2455 477 2510 in
511 2453 652 2530 jugo
679 2452 943 2530 dirigunt,
990 2464 1046 2509 ut
1074 2471 1236 2528 aequo
1278 2452 1422 2527 pede
1449 2472 1575 2511 cum
1620 2454 1942 2511 adversariis

206 2532 477 2611 congredi
521 2531 749 2610 possent.
832 2530 883 2586 A
912 2532 1124 2607 quibus
1151 2551 1277 2590 cum
1316 2533 1756 2592 animadversum
1794 2535 1944 2599 ess'et,

210 2615 358 2691 fuga
384 2612 483 2668 fibi
512 2610 817 2686 praefidium
847 2612 1094 2686 capiunt.
1199 2670 1206 2677 ,

299 2691 565 2749 ΧΧΧΙΧ.
591 2689 905 2764 Pompeius,
929 2701 983 2745 ut
1001 2688 1162 2765 supra
1177 2688 1945 2759 demonstravimus,saucius,

214 2778 274 2839 δε,
301 2772 506 2828 intorto
533 2766 666 2833 talo,
707 2767 910 2824 iccirco
932 2768 1256 2826 tardabatur
1282 2770 1352 2825 ad
1380 2769 1743 2848 fugiendum:
1773 2768 1950 2828 ›item-

215 2870 332 2928 que
374 2863 598 2926 propter
636 2847 744 2904 loci
785 2847 1188 2915 difficultatem,
1230 2866 1410 2925 neque
1445 2867 1814 2928 eqnoneque
1853 2869 1949 2906 ve-

217 2931 414 2987 hiculo
456 2926 615 2983 Palati
670 2926 777 2983 suae
828 2927 1136 3001 praefidium
1193 2945 1387 3003 parare
1439 2942 1672 3004 poterat.
1752 2930 1952 2986 Caedes

213 3009 253 3066 a
295 3007 484 3083 nostris
527 3004 770 3080 undique
812 3006 1308 3074 administrabatur,
1357 3006 1584 3065 exclusa
1624 3008 1957 3074 munitione,

219 3084 545 3163 amissisque
574 3084 812 3141 auxiliis.
843 3085 958 3149 ,Ad
986 3086 1294 3163 conuallem
1321 3099 1503 3144 autem
1534 3100 1700 3164 atque
1727 3086 1954 3145 exesum

218 3169 435 3232 locum,
481 3176 538 3220 ut
567 3164 622 3220 in
652 3161 992 3238 speluncam,
1037 3166 1331 3240 Pompeius
1363 3164 1415 3221 se
1442 3166 1721 3224 occultare
1747 3167 1955 3243 coepit;

222 3259 284 3304 ut
324 3242 359 3300 a
400 3242 590 3300 nostris
619 3260 729 3298 non
769 3240 932 3297 facile
958 3243 1314 3313 inveniretur,
1359 3243 1454 3301 nifi
1484 3247 1830 3323 captivorum
1872 3247 1956 3301 in-

216 3324 395 3385 dicio.
457 3324 541 3382 lta
568 3322 649 3380 ibi
676 3320 1015 3382 interficitur.
1074 3326 1270 3403 Qum
1295 3323 1477 3382 Caesar
1506 3322 1765 3390 Gadibus
1792 3325 1960 3389 effet3

1018 3401 1077 3465 T
1656 3403 1960 3484 Hispalim,

1959 123 1998 132 --Ἴ
