2169 3766
275 122 417 216 316
767 115 863 186 A.
956 92 1229 185 Hia
1291 129 1420 183 τ’]
1480 136 1514 183 -1

259 251 381 313 fore
429 262 537 300 cum
572 238 740 313 ficum
791 236 1111 300 affirman53
1165 234 1234 291 ad
1289 234 1410 291 suos
1453 232 1687 291 dimifit.
1772 233 1891 299 Ille,
1942 246 1995 293 ut

265 343 344 380 ex
372 319 682 379 carceribus
723 318 783 373 in
824 317 1060 372 liberum
1106 313 1321 371 cursum
1363 313 1608 378 emissus,
1650 311 1797 369 adeo
1820 329 1996 371 contra

269 400 546 459 Caesarem
575 397 770 456 acriter
799 394 1008 450 bellum
1036 407 1227 469 gerere
1258 394 1539 469 coepinut
1566 392 1847 464 lacrymas
1873 409 1994 469 quas

131 483 136 486 ’
191 490 195 494 ⁴
263 481 328 537 in
378 477 661 553 colloquio
716 473 1042 549 projecerat,
1100 471 1305 549 gaudio
1356 472 1637 535 videretur
1694 470 1992 545 profudisse.

265 556 545 616 Accidiffe
575 555 681 610 hoc
708 551 1022 625 complures
1048 548 1277 606 Caesaris
1301 549 1495 627 legati,
1536 549 1734 613 amici,
1774 552 1994 606 centuri-

268 655 426 700 ones,
468 631 775 707 militesque
814 628 1181 692 laetabantur3
1222 626 1371 703 quod
1415 629 1591 685 nimia
1630 626 1856 685 bouitas
1895 628 1994 702 ejus

267 715 504 773 fallaciis
533 712 688 786 pueri
717 707 865 764 elusa
891 707 1039 764 esset.
1104 703 1273 780 Quasi
1300 703 1433 763 vero
1461 707 1517 764 id
1546 703 1738 763 Caesar
1769 707 1996 764 bonitate

266 807 479 851 tantum
512 789 802 852 adductius,
843 804 910 842 ac
938 802 1051 841 non
1083 784 1495 860 prudentiffimo
1523 783 1759 842 consilio
1789 786 1995 844 fecisset.

352 869 540 929 XVII.
603 869 793 943 Qum
833 863 976 921 duce
1019 862 1271 930 affumt0‚
1320 864 1695 921 Alexandrini
1738 863 1916 922 nihilo
1951 864 1998 922 se

267 949 538 1006 firmiores
579 946 769 1008 factos,
825 956 922 1000 aut
957 942 1340 1018 -languidiores
1382 942 1703 1009 Romanor»,
1754 944 2000 1001 animad-

268 1039 579 1091 verterent3
622 1019 1080 1097 eludentibfisque
1104 1020 1372 1078 militibus
1403 1022 1546 1098 regis
1577 1035 1808 1080 aetatem
1847 1037 1999 1100 atque

266 1105 666 1168 infirmitatem,
723 1119 985 1177 magnum
1034 1098 1281 1155 dolorem
1324 1101 1678 1175 acciperent;
1736 1121 1921 1178 neque
1956 1104 2001 1160 se

265 1184 570 1262 quidquam
628 1179 896 1255 proficere
938 1175 1227 1234 viderent:
1281 1177 1635 1256 rumoresque
1679 1179 2001 1248 exsisterent,

265 1281 474 1338 magna
503 1258 704 1317 Caesari
748 1256 1012 1332 praefidia,
1056 1255 1284 1311 terrestri
1321 1256 1534 1324 itinere,
1578 1256 1744 1329 Syria
1779 1258 2002 1316 Cilicia-

265 1360 378 1417 que
407 1339 605 1396 adduci
633 1358 650 1391 ι
676 1335 824 1413 quod
857 1334 1103 1390 nondum
1134 1332 1333 1391 Caesari
1364 1334 1616 1392 auditum
1647 1350 1807 1393 erat:
1847 1338 2003 1394 inter·

268 1438 357 1484 ea,
402 1429 797 1478 commeatum,
837 1414 935 1488 qui
965 1412 1153 1469 nostris
1182 1415 1319 1470 mari
1351 1413 1802 1490 supportabatur,
1844 1416 2000 1472 inter-

269 1499 453 1572 cipere
481 1498 793 1553 statuerunt.
878 1491 1073 1567 ltaque
1101 1490 1371 1565 expeditis
1414 1493 1676 1569 navigiis,
1719 1493 1862 1550 locis
1891 1496 2004 1551 ido-

265 1579 386 1635 neis
413 1575 813 1647 adCanopum
851 1569 908 1624 in
938 1569 1166 1626 {latione
1192 1569 1457 1643 dispositis
1486 1571 1747 1641 navibus,
1791 1572 2003 1630 infidia-

269 1653 686 1725 banturnostris
707 1648 1139 1705 commeatibuS.
1218 1648 1387 1718 Quod
1420 1649 1749 1706 ubiCaesari
1781 1651 2003 1707 nuncia-

267 1748 386 1790 tum
415 1733 509 1796 est,
552 1730 766 1787 claffem
802 1726 966 1802 jubet
992 1725 1242 1799 expediri
1276 1740 1446 1803 atque
1483 1728 1693 1785 instrui.
1779 1730 2005 1786 Praeficit

270 1812 401 1867 huic
430 1809 565 1866 Tib.
596 1809 901 1866 Neronem.
954 1803 1373 1862 Proficiscuntur
1397 1806 1456 1862 in
1484 1806 1550 1862 ea
1577 1807 1743 1864 classe
1772 1807 2005 1865 Rhodiae

271 1910 475 1953 naves;
535 1901 697 1963 atque
740 1888 795 1943 in
842 1883 927 1940 his
971 1883 1325 1959 Euphranor,
1381 1885 1490 1942 fine
1531 1906 1646 1963 quo
1690 1887 1847 1944 nulla
1885 1906 2002 1944 um·

268 1989 437 2045 quam
481 1965 768 2024 dimicatio
796 1964 1097 2028 maritima,
1142 1962 1294 2019 nulla
1320 1964 1488 2020 etiam
1532 1983 1735 2042 parum
1776 1965 2001 2022 feliciter

270 2046 523 2105 confecta
563 2059 697 2101 erat.
785 2045 862 2099 At
898 2042 1141 2108 fortuna,
1184 2060 1309 2117 quae
1334 2043 1680 2119 'plerumque
1709 2063 1827 2110 eos,
1868 2061 2000 2121 quos

269 2126 521 2202 plurimis
563 2121 844 2180 beneficiis
884 2121 1124 2186 ornavit,
1175 2119 1243 2174 ad
1288 2119 1570 2178 duriorem
1611 2122 1799 2180 casum
1840 2122 2004 2179 reser-

273 2219 402 2269 vat;
433 2202 769 2279 superiorum
800 2214 1113 2274 temporum
1142 2196 1400 2256 diffimilis
1428 2199 1852 2277 Euphranorem
1881 2217 2005 2276 pro-

270 2281 618 2359 sequebatur.
663 2332 666 2335 .
703 2278 880 2344 Nam,
928 2296 1101 2353 quum
1145 2276 1213 2332 ad
1249 2277 1546 2352 Canopum
1587 2293 1820 2337 ventum
1861 2280 2004 2346 effer,

270 2360 637 2437 instructaque
688 2359 965 2433 utrimque
1007 2356 1175 2411 classis
1218 2352 1562 2421 conflixisset,
1620 2363 1670 2413 δι
1726 2356 1822 2415 sua
1871 2375 2006 2413 con-

274 2440 558 2497 suetudine
598 2436 928 2513 Euphranor
983 2434 1194 2509 primus·
1225 2433 1487 2507 -proelium
1526 2435 1900 2500 commisisset,
1953 2439 2001 2492 δι

270 2520 387 2576 illic
414 2518 691 2573 triremem
734 2514 964 2570 hostium
994 2511 1312 2588 perforasset
1340 2531 1405 2568 ac
1433 2513 1802 2578 demersissetz
1844 2531 2003 2589 prox·

270 2600 443 2657 imam
485 2594 707 2670 longius
736 2591 1030 2656 insecutus,
1077 2609 1269 2665 parum
1300 2591 1547 2647 celeriter
1588 2591 2004 2668 insequentibus

272 2676 520 2751 reliquis,
550 2675 951 2731 circumventus
982 2668 1053 2725 ab
1084 2668 1474 2725 Alexandrinis
1506 2669 1613 2725 est:
1659 2671 1750 2727 cui
1781 2668 2006 2725 subfidi-

206 2802 211 2807 .
277 2775 368 2811 um
415 2771 580 2811 nemo
621 2751 776 2816 tulit;
837 2749 945 2804 sive
987 2746 1137 2825 quod
1179 2749 1236 2804 in
1276 2746 1394 2822 ipso
1437 2746 1562 2804 satis
1606 2748 1864 2821 praesidii,
1908 2765 2005 2822 pro

273 2835 473 2892 virtute
515 2850 581 2888 ac
622 2828 884 2886 felicitate
922 2826 1063 2900 ejus,
1108 2839 1362 2902 putarent
1388 2826 1683 2893 effessive
1713 2826 1866 2902 quod
1910 2823 2007 2899 ipsi

263 2912 368 2969 fibi
399 2909 698 2968 timebant.·
757 2909 946 2982 ltaque
978 2924 1115 2960 unus
1148 2924 1219 2961 ex
1246 2905 1506 2960 omnibus
1533 2922 1604 2960 eo
1633 2904 1835 2980 proelio
1865 2904 2010 2960 bene

272 3008 388 3047 rem
420 2989 586 3062 gestit,
618 2984 758 3042 solus
786 3004 915 3041 cum
935 2982 1035 3040 sua
1063 2982 1396 3058 quadriremi
1428 2983 1651 3039 victrice
1682 2982 1867 3057 periit.

348 3067 566 3126 XVIII.
611 3064 725 3120 Sub
764 3063 912 3120 idem
956 3076 1173 3136 tempus
1211 3060 1564 3117 Mithridates
1606 3061 2010 3137 Pergamenus,

268 3164 488 3222 magnae
531 3141 832 3199 nobilitatis
862 3141 1038 3205 domi,
1082 3138 1433 3215 scientiaeque
1470 3140 1525 3194 in
1570 3137 1724 3195 bello
1755 3145 1809 3196 δε
1837 3139 2011 3194 virtu-

269 3224 357 3285 tis,
400 3221 527 3278 fidei
569 3217 962 3294 dignitatisque
1001 3217 1061 3274 in
1103 3218 1348 3275 amicitia
1388 3215 1662 3284 Caesaris3
1721 3216 1909 3274 miffus
1949 3216 2012 3272 in

267 3300 480 3371 Syriam
508 3292 875 3370 Ciliciamque
903 3296 1071 3355 initio,
1097 3296 1230 3355 belli
1258 3295 1646 3365 Alexandrini,
1692 3296 1767 3354 ad
1797 3294 2015 3352 auxilia

1825 3390 2018 3430 accer-
