2169 3766
232 147 384 225 330
728 120 1457 197 A.H1RT11

236 272 349 311 non
375 250 522 310 enim
558 248 716 307 labor
759 263 855 307 aut
897 247 1204 327 vigilantia,
1240 248 1486 325 cupienti
1525 249 1829 328 praesertim
1873 256 2005 315 ali--⁴

232 332 387 411 quid,
431 331 606 388 Cassio
631 330 837 387 deerat.

307 409 487 470 XLII.
529 409 785 466 Exercitu
837 407 1026 464 coacto
1073 406 1131 463 in
1185 425 1357 464 unum
1406 406 1615 476 locum,
1677 410 1858 468 castris
1910 414 1987 471 ad

230 487 548 547 Cordubam
628 487 831 562 pofitis,
901 503 1003 560 pro
1073 487 1341 542 concione
1390 486 1664 545 militibus
1719 494 1988 566 exponit,

229 587 364 646 quas
392 588 475 625 res
507 568 726 624 Caesaris
747 565 886 640 jussu
914 584 1105 643 gerere
1131 564 1386 626 deberet:
1431 567 1841 645 polliceturque
1890 572 1985 639 iis,

228 668 403 725 quum
432 647 487 703 in
518 646 906 708 Mauritaniam
948 644 1311 717 transjecifl‘et,
1359 663 1431 700 ns
1481 663 1754 704 centenos
1798 647 1852 705 se
1879 652 1984 707 da-

226 741 410 784 turum
434 748 449 791 3
498 745 533 781 v
563 725 680 782 fore
708 725 761 780 in
804 723 919 782 His
947 723 1073 781 ania
1099 722 1394 800 legionem.
1482 724 1567 782 Ex
1608 729 1886 784 concione
1930 729 1987 785 se

227 804 545 862 Cordubam
595 805 820 878 recepit.
903 745 1099 877 ἕόςιιε
1140 801 1258 877 ipso
1301 802 1411 868 die,
1451 805 1764 861 meridiana
1816 807 1983 874 hora,
2022 819 2032 832 ⁸

225 904 398 962 quum
445 885 501 941 in
549 882 825 939 Basilicam
872 880 1019 945 iret;
1062 880 1287 959 quidam
1317 881 1584 939 Minutius
1617 885 1761 948 Silo,
1803 886 1985 943 cliens

225 963 297 1021 L.
326 961 550 1029 Racilii,
593 959 861 1026 libellum,
904 959 1055 1036 quast
1099 959 1307 1036 aliquid
1350 959 1422 1015 ab
1447 979 1517 1016 eo
1545 963 1868 1038 postularet,
1918 978 1984 1023 ut

224 1042 406 1107 mileS,
449 1042 499 1098 ei
547 1040 796 1097 transdit:
839 1039 1040 1094 deinde
1082 1038 1198 1112 post
1238 1037 1541 1106 Racilium,
1587 1044 1748 1115 (narn
1800 1043 1844 1098 is
1895 1043 1982 1099 la-

225 1135 314 1178 tus
342 1120 501 1179 Caffii
545 1118 790 1197 tegebat)
835 1117 988 1193 quafi
1032 1114 1346 1193 responsum
1375 1117 1448 1176 ab
1487 1137 1558 1175 eo
1601 1136 1839 1193 peteret,
1884 1140 1975 1178 ce-

225 1198 409 1258 leriter
438 1199 569 1255 dato
614 1201 738 1254 loco
779 1216 953 1271 quum
993 1194 1045 1253 se
1094 1195 1452 1264 infinuaffet5
1487 1197 1697 1256 sinistra
1741 1201 1976 1276 corripit

223 1297 375 1345 eum,
440 1276 746 1353 dextraque
789 1274 869 1331 bis
921 1273 1049 1335 ferit
1096 1275 1362 1353 pugione.
1443 1276 1709 1336 Clamore
1736 1277 1978 1347 subiato,

222 1358 288 1417 fit
331 1356 367 1414 a
410 1355 702 1431 conjuratis
748 1355 987 1430 impetus
1036 1352 1314 1411 universis.
1392 1354 1690 1414 Munatius
1733 1355 1972 1416 Plancus

222 1435 543 1514 proximum
583 1433 773 1514 gladio
820 1431 1083 1507 transjicit
1128 1432 1395 1491 lictorem.
1480 1433 1611 1491 Hoc
1654 1435 1975 1505 interfecto,

227 1517 310 1587 Q
349 1514 584 1572 Cassium
627 1513 869 1591 legatum
920 1511 1189 1569 vulnerat.
1272 1510 1357 1568 lbi
1410 1513 1488 1571 T.
1538 1513 1735 1571 Vafius
1788 1521 1842 1572 δε
1898 1515 1969 1574 L.

224 1593 513 1671 MergiliO,
554 1593 717 1650 simili
760 1589 1099 1648 confidentia
1118 1589 1376 1661 Plancum
1419 1592 1764 1669 municipem
1815 1594 1975 1652 suum

223 1672 523 1747 adjuvant:
565 1685 723 1729 erant
775 1669 925 1728 enim
977 1687 1173 1726 omnes
1226 1669 1549 1729 Italicenses.
1580 1715 1599 1722 -
1640 1673 1736 1729 Ad
1790 1673 1977 1749 ipsum.

220 1750 542 1830 Longinum
597 1751 667 1810 L.
713 1748 957 1808 Licinius
1013 1747 1253 1825 Squillus
1302 1749 1531 1824 involat,
1568 1748 1963 1828 jacentemque

222 1830 438 1891 levibus
465 1830 665 1889 sauciat
692 1828 890 1907 plagis.
975 1826 1337 1889 Concurritur
1381 1829 1454 1887 'ad
1500 1829 1738 1889 Caffium
1769 1831 1958 1889 defen-

222 1910 507 1973 dendum:
549 1907 759 1985 semper
817 1906 965 1965 enim
991 1905 1223 1964 berones
1247 1906 1667 1986 compluresque
1706 1926 1960 1973 evocatos

220 2006 349 2049 cum
378 1989 502 2047 telis
543 1989 721 2045 secum
767 1986 971 2045 habere
1010 1984 1405 2054 consueveram
1449 1985 1484 2045 ὲ
1529 1988 1735 2066 quibus
1777 1984 1987 2049 eaeteri'

221 2067 679 2133 intercluduntur,
722 2066 818 2142 qui
844 2063 910 2125 ad
958 2066 1168 2123 caedem
1211 2061 1514 2124 faciendam
1558 2066 1954 2145 subsequeban-

223 2160 357 2206 tur:
399 2146 593 2225 quoin
622 2162 860 2203 numero
900 2142 1005 2207 fuit
1034 2145 1363 2220 Calpurnius
1405 2144 1710 2212 Salvianus,
1753 2153 1806 2204 δε
1832 2149 1955 2207 Ma·

219 2225 387 2283 uilius
439 2224 732 2286 Tusculus.
815 2223 1090 2280 Minutius
1134 2224 1279 2285 inter
1317 2222 1461 2290 saxa,
1519 2243 1647 2301 quae
1683 2224 1958 2300 jaciebant

223 2305 283 2362 in
308 2304 524 2371 itinere,
568 2304 784 2382 fugiens
823 2302 1189 2378 opprimitur3
1228 2306 1305 2370 δι,
1340 2303 1517 2363 relato,
1556 2305 1786 2363 domum
1831 2305 1957 2364 Cas-

224 2383 323 2451 fio,
363 2383 434 2441 ad
461 2401 587 2440 eum
617 2380 927 2439 deducitur.
1008 2380 1250 2441 Racilius
1296 2380 1352 2441 in
1403 2383 1721 2457 proximam
1766 2382 1818 2441 se
1853 2385 1953 2441 do·

222 2480 381 2521 mum
424 2460 703 2520 familiaris
746 2459 823 2517 sui
868 2458 1103 2526 confert,
1150 2461 1283 2517 dum
1325 2476 1533 2519 certum
1589 2458 1955 2540 cognosceret,

221 2539 570 2599 confec'tt'rsne
596 2540 803 2598 Caffius
831 2538 978 2596 esset.
1063 2538 1129 2595 L.
1177 2539 1499 2606 Laterenfis,
1536 2558 1723 2617 quum,
1759 2541 1817 2598 id
1846 2561 1954 2598 non

223 2616 520 2688 dubitaret,
560 2617 791 2676 accurrit
815 2617 969 2675 laetus
997 2616 1055 2673 in
1082 2618 1247 2675 castra
1263 2640 1282 2685 ς
1330 2618 1598 2677 militibus
1628 2621 1949 2688 vernaculis,

220 2703 278 2755 δε
322 2698 571 2758 secundae
613 2696 869 2776 legionis,
909 2695 1111 2773 quibus
1138 2697 1268 2754 odio
1306 2696 1505 2756 sciebat
1529 2697 1804 2776 praecipue
1828 2699 1954 2757 Cas·

220 2775 359 2837 fium
405 2778 528 2844 effe,
569 2776 902 2856 gratulatur:
949 2775 1161 2833 tollitur
1206 2774 1239 2833 a
1280 2776 1635 2834 multitudine
1682 2779 1742 2835 in
1790 2777 1951 2835 tribu·

219 2856 350 2913 nal:
396 2860 597 2934 praet6r
643 2854 985 2934 appellatur:
1030 2872 1198 2912 nemo
1231 2855 1381 2912 enim
1430 2870 1524 2913 aut
1564 2856 1622 2913 in
1667 2857 1952 2933 provincii

221 2947 536 2998 natus.·aut
589 2933 891 2994 vernaculae
941 2932 1174 3011 legionis
1224 2934 1402 3000 miles,
1448 2948 1542 2991 aut
1596 2934 1949 2993 diuturnitate

211 3010 335 3087 jam
361 3006 533 3072 factus
561 3012 949 3090 provincialis;
992 3017 1014 3085 (
1040 3029 1156 3089 quo
1183 3011 1241 3069 in
1270 3031 1499 3072 numero
1525 3028 1642 3070 erat
1675 3033 1727 3070 ιι
1757 3011 1901 3092 legio
1924 3013 1949 3086 )

221 3109 338 3150 non
382 3111 509 3150 curn
563 3092 717 3150 omni
769 3087 1059 3170 provincia
1102 3091 1438 3150 consenserat
1480 3092 1534 3148 in
1581 3092 1715 3148 odio
1757 3093 1941 3165 Caffii:

220 3173 378 3245 (nam
421 3170 668 3248 legiones
709 3190 839 3229 xxx
871 3174 921 3229 &
973 3189 1112 3238 xxi,
1150 3171 1335 3247 paucis
1378 3169 1654 3229 menfibus
1703 3171 1762 3228 in
1794 3172 1959 3229 ltalia-

218 3248 461 3323 fcriptas,
503 3247 683 3307 Caesar
722 3246 1047 3308 attribuerat
1087 3244 1384 3326 Longino:
1432 3268 1470 3306 v
1498 3249 1648 3328 legio
1681 3248 1762 3307 ibi
1788 3269 1949 3326 nupet

219 3339 336 3402 erat
385 3324 681 3397 confecta.)
778 3327 1008 3386 Interim
1066 3330 1359 3387 nunciatur
1411 3328 1947 3473 Laterenfibagveoe

1841 3426 1944 3466 um.
