2169 3766
250 172 388 265 176
729 169 1460 263 A.H1R·r711

230 294 551 351 facultatem
596 292 897 351 haberent:
943 292 1234 350 consistunt
1272 292 1332 349 in
1376 289 1521 368 agris
1552 289 1977 352 Cadurcorum.

230 372 317 430 Ibi
359 394 527 449 quum
561 374 812 430 Luterius
855 372 1005 449 apud
1047 371 1168 429 suos
1207 366 1355 428 cives
1385 371 1698 448 quondam,
1743 374 1984 452 integris

225 451 414 517 rebus,
456 453 693 510 multum
738 453 1023 527 potuiffet3
1082 449 1411 526 semperque
1455 452 1655 507 auctor
1694 470 1985 510 novorum

229 531 599 597 consiliorum,
633 550 897 608 magnam
920 529 1070 607 apud
1103 531 1365 587 barbaros
1390 530 1774 588 austeritatem
1797 530 1984 588 habe·

226 624 344 683 ret3
386 611 660 686 oppidum
690 610 1140 674 Uxellodunum,
1182 609 1332 685 quod
1377 609 1436 664 in
1475 609 1745 667 clientela
1788 610 1979 668 fuerat

228 688 366 763 ejus,
396 689 593 749 natura
620 690 729 747 loci
758 688 983 768 egregie
1009 687 1305 753 munitum,
1334 701 1580 765 occupat
1608 687 1714 745 suis
1745 694 1796 747 &
1825 690 1984 748 Dra-

230 769 370 845 petis
400 770 597 846 copiis,
623 769 1044 847 oppidanosque
1073 767 1171 824 fibi
1199 766 1508 844 conjungit.
1815 824 1818 829 ,

311 851 556 908 XXVII.
602 847 736 924 Qo
766 867 936 927 quum
974 846 1258 907 confestim
1289 847 1360 904 C.
1390 844 1668 905 Caninius
1689 846 1979 911 *venissen

232 927 807 1005 animaduerteretque
846 945 1041 984 omnes
1076 925 1274 1002 oppidi
1316 938 1500 1002 partes
1543 926 1979 1002 praeruptiffimis

233 1008 373 1064 saxis
416 1010 520 1066 effe
564 1009 824 1074 munitas,
867 1003 999 1087 (μιᾷ,
1041 1004 1379 1075 defendente
1420 1005 1597 1070 nunc,
1656 1018 1846 1063 tamen
1890 1024 1979 1063 ar-

238 1087 398 1143 matis
452 1087 749 1145 ascendere
796 1086 924 1143 effet
970 1085 1194 1142 difficile
1210 1109 1228 1150 3
1287 1103 1496 1162 magna
1549 1086 1981 1160 autem-impe-

232 1167 478 1225 dimenta
505 1166 915 1242 oppidanorum
944 1165 1177 1231 videret,
1207 1181 1354 1240 quae‚
1390 1163 1430 1220 fi
1457 1162 1979 1240 clandestinafugii

233 1246 552 1303 subtrahere
587 1262 935 1310 conarentur,
977 1242 1221 1321 effugere
1265 1260 1377 1299 non
1420 1242 1597 1302 modo
1638 1245 1980 1319 equitatum,

232 1324 323 1381 fed
369 1344 437 1382 ne
476 1325 722 1402 legiones
765 1324 993 1400 quidem
1038 1323 1281 1399 pollent:
1326 1320 1605 1398 tripartito
1647 1322 1977 1380 cohortibus

186 1437 196 1441 -
232 1403 464 1470 divifis,
491 1406 636 1459 trina
676 1402 1028 1460 excelfiffir'no
1082 1400 1212 1459 loco
1253 1402 1425 1460 castra
1465 1402 1643 1468 fecit;
1693 1399 1729 1458 ὲ
1770 1401 1977 1478 quibus

232 1483 545 1559 paullatim,
589 1497 865 1559 quantum
890 1481 1070 1557 copiae
1114 1481 1485 1557 patiebantur,
1528 1481 1741 1538 vallum
1772 1483 1834 1538 in
1876 1499 1981 1556 op·

190 1612 193 1615 ,
226 1563 350 1639 ,pidi
379 1564 604 1620 circuitu
635 1562 835 1619 ducere
865 1562 1105 1618 instituit.
1190 1559 1362 1640 Qod
1404 1580 1578 1638 quum
1614 1560 1979 1618 animadver-

234 1656 409 1703 terent
438 1641 734 1718 oppidani}
767 1640 1178 1716 miserrimaque
1209 1640 1404 1697 Alefiae
1432 1638 1702 1697 memoria
1732 1639 1975 1705 solliciti,

144 1742 147 1745 ¹
233 1717 479 1779 similem
508 1721 692 1778 casum
736 1719 1050 1777 obseffionis
1092 1734 1443 1786 vererentur;
1499 1717 1864 1796 maximeque
1905 1736 1979 1776 ex

233 1801 493 1858 omnibus
523 1799 802 1866 Luterius,
843 1801 941 1875 qui
968 1799 1203 1855 fortunae
1228 1797 1376 1855 illius
1406 1797 1712 1874 periculum
1739 1799 1976 1865 fecerat,

232 1896 480 1944 moneret
535 1880 805 1938 rationem
870 1878 1131 1937 frumenti
1186 1877 1290 1934 effe
1343 1875 1701 1936 habendam:
1774 1879 1976 1937 consti·

233 1974 393 2018 tuunt
417 1963 670 2018 omnium
699 1957 985 2025 consensu,
1029 1971 1183 2036 parte
1209 1957 1287 2015 ibi
1316 1955 1507 2016 relicta.
1528 1958 1843 2035 copiarum,
1874 1956 1976 2034 ipfi

233 2040 676 2116 cunrexpcditis
720 2038 791 2096 ad
832 2038 1252 2116 importandum
1293 2037 1633 2096 frumentum
1677 2036 1973 2114 proficisci.

233 2120 319 2177 Eo
360 2119 589 2177 consilio
633 2121 870 2195 probato
891 2139 921 2185 3<
962 2117 1218 2195 proxima
1260 2118 1439 2182 nocie,
1493 2136 1541 2173 11
1592 2115 1846 2174 millibus
1892 2136 1981 2174 ar-

233 2209 510 2258 matorum
553 2198 773 2265 remitis,
815 2198 1074 2274 reliquos'
1098 2215 1169 2255 ex
1208 2195 1420 2272 oppido
1452 2195 1670 2273 Drapes
1712 2201 1767 2255 &
1800 2196 1976 2255 Lute-

232 2279 342 2337 rius
371 2279 649 2336 educuntt
688 2279 746 2344 ii,
779 2294 986 2354 paucos
1013 2274 1131 2333 dies
1158 2275 1392 2340 morati;
1423 2294 1493 2333 ex
1521 2273 1725 2333 finibus
1753 2275 1977 2335 Cadur-

232 2376 427 2416 corum
460 2357 577 2433 (qui
623 2357 822 2433 partim
866 2374 925 2412 re
954 2352 1313 2413 frumentaria
1342 2352 1625 2432 sublevare
1650 2372 1747 2413 eos
1776 2356 1974 2433 cupie-

234 2437 407 2503 bant;
452 2438 651 2510 partim
682 2434 996 2512 prohibere,
1036 2434 1164 2510 quo
1183 2434 1361 2491 minus
1392 2432 1683 2499 sumerent,
1726 2452 1840 2491 non
1872 2451 1977 2511 po-

232 2519 745 2592 terant).magnum
790 2531 1079 2571 numerum
1122 2512 1382 2570 frumenti
1418 2527 1788 2587 comparantz
1833 2532 1977 2585 non-⁴

234 2613 540 2671 numquam
586 2610 767 2650 autem
800 2593 1245 2669 expeditionibus
1277 2593 1550 2649 noeturnis
1579 2593 1801 2651 castella
1846 2591 1976 2662 nos·

232 2689 436 2732 trorum
472 2674 844 2739 adoriuntur,
874 2690 1043 2748 quam
1071 2670 1147 2728 ob
1176 2671 1417 2727 cauffam
1449 2671 1520 2728 C.
1552 2672 1825 2731 Caninius
1856 2667 1978 2729 toto

229 2756 444 2829 oppido
487 2752 818 2810 munitiones
860 2752 1207 2808 circumdare
1250 2763 1534 2828 moraturg
1580 2770 1651 2807 ne
1691 2765 1791 2808 aut
1828 2770 1974 2828 opus

230 2829 486 2889 effefluni
531 2832 666 2889 tueri
707 2851 815 2889 non
857 2831 1030 2907 poffit,
1075 2845 1171 2886 aut
1205 2830 1452 2908 plurimis
1481 2831 1554 2888 in?
1583 2829 1723 2887 locis
1751 2830 1975 2889 infirma

228 2911 486 2991 disponat
515 2911 781 2987 praelidia.
1106 2962 1108 2966 ,
1525 2946 1539 2960 ,

310 2989 586 3050 XXVIII.
632 2988 850 3068 Magna
878 2988 1042 3066 copia
1082 2985 1344 3045 frumenti
1384 2987 1750 3063 comparat&
1794 2988 1975 3047 confi-

229 3072 370 3130 dunt
400 3069 614 3144 Drapes
645 3075 695 3126 &
726 3070 978 3126 Luterius
1022 3087 1135 3124 non
1178 3067 1393 3145 longius
1425 3066 1496 3122 ab
1526 3068 1740 3143 oppido
1775 3087 1814 3124 x
1844 3067 1972 3125 mil-

227 3150 372 3209 libus
404 3147 671 3226 paffuum,
716 3146 862 3203 unde
890 3146 1180 3222 paullatim
1222 3146 1562 3203 frumentum
1604 3147 1663 3203 in
1692 3147 1968 3223 oppidum

229 3228 630 3303 supportarent.
691 3224 798 3298 lpfi
829 3224 971 3281 inter
997 3223 1050 3280 se
1081 3224 1399 3300 provincias
1428 3224 1762 3300 partiuntur.
1821 3225 1969 3283 Dra-

227 3326 325 3380 pes
353 3304 534 3361 castris
573 3301 817 3376 praesidio
845 3320 972 3371 cum
1015 3315 1171 3379 parte
1198 3303 1486 3377 copiarum
1526 3304 1751 3366 restitit:
1799 3305 1971 3362 Lute-

225 3385 336 3439 rius
367 3398 569 3458 agmen
606 3378 987 3453 jumentorum
1017 3380 1090 3437 ad
1126 3380 1401 3459 oppidum
1429 3381 1681 3461 adducit,
1763 3383 1971 3461 Dispo-

752 3473 753 3480 ’
1860 3462 1968 3522 suis
