2169 3766
168 132 266 254 64
519 149 1582 252 C.J15L11CAESAR13

156 282 613 353 contexebantur,
640 304 704 343 ac
738 283 1005 362 longuriis
1032 283 1375 362 cratibfistlue
1393 280 1908 361 ‘consternebantur-

158 366 247 426 Ac
275 366 447 423 nihilo
480 363 648 422 secius
677 363 898 421 sublicas
948 364 1016 420 ad
1060 364 1372 429 inferiorem
1419 377 1630 439 partem
1657 364 1908 422 fluminis

98 484 115 503 ».
158 442 390 522 oblique
413 441 812 522 adigebantur3
856 461 999 519 quae,
1030 462 1133 518 pro
1162 443 1366 518 pariete
1392 443 1663 518 subjeftae,
1691 448 1742 501 δι
1776 463 1908 505 cum

154 525 309 582 omni
337 541 503 600 opere
527 522 851 596 conjunStae,
879 523 989 578 vim
1019 521 1260 578 fluminis
1298 522 1632 598 exciperent.
1673 522 1755 581 Et
1780 523 1907 581 aliae

157 602 290 661 item
320 602 476 679 supra
493 617 740 679 pontem,
765 599 1025 658 mediocri
1055 600 1260 677 spatio:
1293 600 1432 668 ut'ssfi
1460 599 1715 659 arborum
1749 618 1906 660 trun-

153 681 227 751 ci,
269 680 376 739 sive
405 699 590 746 naves,
634 678 923 755 dejiciendi
950 680 1133 756 operis
1171 678 1354 746 causa,
1397 681 1563 737 essent
1592 678 1624 737 ὲ
1653 679 1907 738 barbaris

153 759 359 828 miffae3
390 759 470 818 his
498 757 870 817 defensoribus
898 771 1082 816 earum
1114 758 1194 816 vis
1225 759 1580 825 minueretur,
1604 777 1711 818 neu
1740 760 1904 838 ponti

155 852 435 898 nocerent.

238 918 404 979 XVI.
446 914 659 976 Diebus
691 935 753 982 x,
795 914 999 995 quibus
1038 914 1265 973 materia
1291 932 1475 992 coepta
1499 929 1613 974 erat
1638 934 1902 994 compor-

159 997 284 1066 tari,
311 996 462 1054 omni
494 1014 659 1073 opere
686 996 902 1064 effectu,
940 996 1207 1053 exercitus
1238 996 1610 1053 transducitur.
1694 994 1899 1064 Caesar,

158 1077 231 1134 a'd
281 1090 565 1152 utramque
607 1088 812 1152 partem
857 1075 1038 1151 pontis
1083 1074 1241 1131 firmo
1290 1072 1536 1150 praefidio
1579 1072 1806 1140 relicto,
1838 1076 1895 1133 in

156 1150 291 1214 fines
324 1151 737 1232 Sigambrorum
767 1153 1070 1210 contendit.
1156 1153 1386 1210 Interim
1440 1155 1475 1210 a
1509 1152 1894 1230 compluribus

156 1233 468 1293 civitatibus
497 1233 565 1289 ad
595 1250 718 1289 eum
747 1231 916 1311 legati
947 1230 1214 1298 veniunt3
1258 1231 1456 1308 quibus
1486 1248 1677 1308 pacem
1723 1249 1894 1311 atque

155 1311 454 1372 amicitiam
510 1310 842 1388 petentibus,
899 1309 1195 1367 liberaliter
1237 1310 1535 1386 respondit,
1577 1308 1900 1388 obsidesque

78 1458 79 1461 Ἴ
153 1393 224 1450 a'd
252 1392 302 1448 se
329 1388 526 1448 adduci
547 1388 727 1465 jubet.
808 1389 1080 1467 Sigambri
1109 1407 1179 1446 ex
1206 1407 1271 1446 eo
1302 1405 1568 1466 tempore,
1612 1408 1727 1467 quo
1749 1409 1894 1466 pons

152 1470 356 1529 institui
406 1476 619 1545 coeptus
664 1468 760 1537 est,
817 1467 953 1546 fuga
995 1466 1355 1545 comparat&
1414 1467 1758 1525 hortantibus
1806 1470 1896 1537 iis,

152 1569 291 1628 quos
312 1568 379 1607 ex
398 1548 763 1605 Tenchtheris
793 1561 958 1624 atque
984 1545 1305 1624 Usipetibus
1331 1547 1475 1622 apud
1506 1546 1557 1604 se
1580 1546 1890 1614 habebant3

158 1627 354 1687 finibus
384 1626 486 1684 suis
515 1626 863 1693 excesserant,
886 1625 1086 1704 suaque
1115 1626 1300 1683 omnia
1325 1638 1773 1703 exportaverant,
1819 1625 1896 1684 se-

159 1725 269 1786 que
296 1708 350 1763 in
381 1705 730 1763 solitudinem
761 1724 823 1762 ac
851 1704 1020 1780 sylvas
1048 1703 1391 1762 abdiderant.

235 1784 427 1845 XVII.
472 1783 649 1841 Caesar
674 1801 876 1861 paucos
906 1784 1019 1842 dies
1056 1784 1115 1841 in
1144 1803 1332 1842 eorum
1376 1781 1571 1843 finibus
1600 1797 1845 1843 moratus
1871 1807 1891 1850 ς

153 1863 412 1926 omnibus
440 1863 572 1921 vicis
616 1862 962 1943 aedificiisque
1001 1862 1248 1932 incensis,
1288 1859 1680 1941 frumentisque
1719 1860 1892 1921 succi-

156 1946 243 2014 fis,
283 1944 333 2001 se
379 1944 434 2000 in
482 1943 613 2001 fines
658 1942 934 2001 Ubiorum
979 1944 1232 2019 recepit:
1274 1959 1441 2020 atque
1489 1941 1574 1999 his
1618 1943 1890 2003 auxilium

157 2027 309 2084 suum
337 2021 633 2100 pollicitus,
673 2021 713 2079 fi
766 2021 800 2079 ὲ
853 2021 1041 2080 Suevis
1094 2037 1498 2099 premerentur;
1542 2020 1660 2078 haec
1708 2022 1780 2078 ab
1827 2023 1899 2081 iis

157 2103 458 2182 c‘ognovit:
507 2102 731 2169 Suevos,
775 2102 1059 2179 postquam
1106 2119 1203 2177 per
1239 2100 1609 2177 exploratores
1661 2118 1893 2178 pontem

157 2183 271 2240 fieri
324 2181 724 2257 comperiffent,
771 2199 920 2238 more
975 2180 1087 2247 sue,
1132 2179 1353 2237 consilio
1406 2178 1617 2243 habito,
1661 2179 1899 2239 nuncios

156 2253 215 2319 in
243 2279 430 2317 omnes
460 2272 639 2335 partes
668 2250 899 2326 mififfe3
958 2256 1039 2315 uti
1089 2258 1157 2315 de
1207 2257 1426 2336 oppidis
1472 2257 1848 2337 demigrarent
1870 2281 1893 2327 ς

155 2335 376 2406 liberos,
420 2356 633 2403 uxores,
662 2337 863 2413 suaque
891 2339 1076 2412 omnia
1105 2337 1159 2394 in
1189 2335 1347 2413 sylvis
1375 2337 1718 2413 deponerent
1750 2360 1770 2404 ς
1807 2355 1891 2396 at-

157 2438 267 2498 que
319 2435 528 2483 ornnes,
573 2416 665 2492 qui
714 2435 862 2473 arma
908 2416 1045 2473 ferre
1092 2415 1322 2491 possent,
1369 2435 1541 2474 unum
1594 2415 1651 2472 in
1701 2416 1891 2478 locum

153 2493 539 2572 convenirent:
587 2497 729 2552 hunc
755 2495 855 2552 effe
883 2493 1152 2552 delefturn
1183 2495 1423 2551 medium
1452 2492 1568 2552 fere·
1588 2496 1885 2574 regionum

144 2596 360 2642 carum,
404 2592 536 2651 quas
569 2574 729 2631 Suevi
757 2573 1065 2631 obtinerent
1094 2595 1109 2629 ε
1157 2573 1232 2629 ibi
1262 2573 1640 2631 Romanorum
1677 2574 1889 2632 adven-

156 2675 271 2714 tum
301 2654 624 2730 exspeftare,
667 2668 832 2730 atque
859 2652 933 2709 ibi
977 2647 1254 2709 decertare
1295 2652 1632 2710 constituisse.
1716 2652 1887 2730 Qod

154 2733 246 2792 ubi
279 2734 452 2790 Caesar
479 2734 781 2807 comperit:
824 2729 1080 2789 omnibus
1111 2732 1191 2789 his
1230 2730 1390 2789 rebus
1426 2730 1708 2798 confectis,
1750 2752 1891 2808 qua·

152 2833 273 2872 rum
300 2830 477 2868 rerum
508 2810 668 2867 cansa
694 2812 991 2869 exercitum
1027 2809 1367 2867 transducere
1394 2810 1737 2867 constituerat
1762 2833 1778 2870 t
1824 2827 1887 2868 ut

153 2889 445 2950 Germanis
483 2904 690 2945 metum
740 2890 1005 2963 injiceret,
1053 2903 1112 2945 ut
1162 2888 1475 2966 Sigambros
1523 2887 1886 2957 ulcisceretur,

156 2983 214 3028 u't
242 2968 420 3026 Ubios
449 2965 727 3023 obsidione
751 2967 1037 3026 liberaret:
1071 2967 1261 3023 diebus
1282 2968 1509 3024 omnino
1540 2984 1707 3023 xvut
1740 2984 1888 3025 trans
1938 2979 1941 2983 “

152 3050 407 3109 Rhenum
440 3044 789 3120 consumptis,
830 3045 950 3104 satis
981 3052 1030 3103 δι
1067 3047 1135 3102 ad
1166 3046 1381 3103 laudem
1414 3052 1464 3103 &
1491 3044 1559 3100 ad
1590 3044 1888 3106 utilitatem

149 3127 453 3206 p‘rofefitum
483 3123 792 3191 arbitratus,
834 3122 883 3183 se
912 3124 969 3183 in
998 3124 1245 3181 Galliam
1270 3124 1494 3201 recepit,
1537 3123 1886 3206 pontemque

147 3205 380 3266 rescidit.

226 3279 439 3339 XVlll.
486 3275 708 3356 Exigua
734 3292 886 3355 parte
918 3279 1105 3338 aestatis
1153 3279 1385 3358 reliqua,
1428 3279 1640 3348 Caesar3
1683 3281 1780 3339 etsi
1825 3281 1884 3341 in

147 3363 215 3433 iis
241 3358 394 3427 locis,
439 3357 594 3436 quod
623 3356 802 3416 omnis
832 3354 1021 3417 Gallia
1070 3359 1141 3435 ad
1188 3360 1648 3438 Septemtrionem
1678 3362 1885 3437 vergit,

208 3449 221 3456 “
351 3451 356 3458 ’
412 3447 423 3462 “
1289 3457 1296 3460 ·
1642 3454 1875 3498 maturae
