2169 3766
220 120 363 209 408
768 114 865 187 A.
973 114 1061 188 H
1097 141 1124 189 1
1167 141 1213 188 R
1251 139 1306 189 Τ
1339 141 1367 190 1
1408 141 1437 189 1

302 239 544 301 XXXV.
599 236 779 296 caesar
818 237 1094 317 Hispalim
1136 260 1309 318 quum
1352 240 1741 312 contendisset,
1797 244 1967 324 legati

223 321 572 398 deprecatum
618 335 904 374 venerunt.
996 321 1076 379 Ita
1117 339 1291 396 quum
1334 322 1610 397 oppidum
1665 323 1776 380 sese
1829 329 1969 384 tueri

224 400 457 466 dixifl‘et,
503 397 801 454 Caninium
844 397 1087 474 legatum
1130 416 1256 455 cum
1302 400 1553 475 praefidio
1598 400 1962 461 intromittit:

224 480 335 555 ipse
363 478 523 534 castra
550 477 618 532 ad
660 475 928 552 oppidum
971 477 1147 552 ponit.
1207 477 1364 554 ¹Erat
1406 477 1547 534 bene
1578 499 1788 558 magna
1820 482 1966 541 intra

224 557 679 633 Pompeianarum
725 555 957 630 partium
1002 555 1321 622 multitudo,
1365 577 1492 633 quae
1521 558 1755 615 Caesaris
1787 563 1967 634 praefi-

225 638 378 696 dium
405 648 684 709 receptum
709 630 1124 710 indignabatur;
1156 632 1297 691 clam
1318 636 1492 710 quod,
1526 637 1685 693 Philo
1707 641 1961 715 quidam,

223 718 338 783 ille,
379 716 475 792 qui
500 712 954 787 Pompeianarum
998 713 1234 787 partium
1276 714 1453 771 fuisset
1480 714 1736 773 defensor
1762 718 1962 774 acerri-

223 815 366 863 mus,
399 795 469 869 (is
496 791 610 849 tota
632 790 908 848 Lusitania
937 791 1230 848 notiffimus
1251 792 1389 863 erat)
1423 792 1674 852 hicelam
1704 796 1961 872 praesidio

224 877 282 934 in
312 872 644 931 Lusitaniam
684 870 1072 947 proficiscitur:
1115 875 1165 926 δε
1208 871 1495 929 Caecilium
1539 873 1814 950 Nigrum,
1860 895 1962 934 no·

221 955 374 1013 mine
399 950 711 1015 Barbarum,
741 949 808 1004 ad
833 950 1065 1005 Leniurn
1088 952 1344 1005 convenit
1355 971 1373 1015 3
1401 952 1498 1027 qui
1524 950 1664 1008 bene
1689 972 1956 1029 magnam

222 1052 448 1091 manum
491 1029 871 1086 Lusitanorum
914 1027 1157 1084 haberet.
1239 1027 1525 1096 ReversuS,
1572 1031 1629 1086 in
1676 1031 1958 1108 Hispalim

222 1111 494 1190 oppidum
518 1109 706 1164 denuo
732 1108 896 1164 nostu
933 1126 1031 1183 per
1058 1125 1271 1163 murum
1302 1108 1592 1184 recipitur:
1643 1112 1957 1184 praefidium

222 1188 522 1269 vigilesque
539 1185 819 1263 jugulant,
849 1202 1032 1262 portas
1058 1183 1422 1261 praeeludunt,
1460 1187 1529 1245 de
1557 1189 1781 1268 integro
1810 1211 1954 1269 pug-

222 1289 351 1328 nare
379 1279 684 1340 coeperunt.

250 1407 261 1412 ,
302 1345 568 1405 XXXVI.
617 1343 773 1400 Dum
817 1342 933 1399 haec
960 1356 1243 1421 geruntur,
1284 1341 1456 1421 legati
1487 1343 1826 1403 Carteienses
1870 1367 1955 1404 re-

222 1426 566 1490 nunciarunt,
621 1422 773 1499 quod
813 1421 1138 1498 Pompeium
1182 1422 1236 1478 in
1283 1424 1600 1499 potestatem
1650 1425 1947 1492 haberent;

267 1506 378 1565 uod
431 1517 557 1560 ante
598 1501 795 1558 Caesari
846 1517 1032 1577 portas
1088 1501 1488 1577 praeclufiffent.
1538 1502 1637 1559 illo
1684 1503 1949 1561 beneficio

221 1526 375 1646 Pirum
424 1581 735 1640 malificium
778 1579 1156 1637 existimabant
1195 1580 1243 1635 se
1284 1580 1624 1637 lucrifacere.
1704 1582 1942 1640 Lusitani

222 1662 438 1738 Hispali
467 1678 714 1738 pugnare
741 1658 893 1715 nullo
922 1672 1172 1734 tempore
1200 1657 1538 1716 defistebant.
1625 1661 1794 1736 Qod
1824 1664 1941 1718 Cae-

219 1742 300 1800 sar
338 1759 509 1818 quum
552 1738 1026 1803 animadverteret,
1081 1737 1121 1793 fi
1170 1737 1441 1813 oppidum
1486 1750 1681 1814 capere
1723 1757 1943 1796 conten-

221 1822 396 1888 deret,
452 1835 511 1875 ut
550 1817 799 1874 homines
842 1815 1040 1892 perditi
1081 1816 1454 1882 incenderent,
1510 1822 1561 1873 δε
1603 1819 1804 1875 moenia
1842 1820 1935 1874 de-

220 1901 431 1964 lerent;
497 1898 572 1955 ita
622 1895 846 1955 consilio
908 1895 1100 1951 habito
1151 1899 1335 1961 noetu,
1404 1897 1609 1972 patitur
1662 1900 1932 1955 Lusitanos

219 1980 565 2057 eruptionem
611 1974 851 2042 facere.j
890 1974 951 2031 Id
980 1974 1128 2050 quod
1157 1975 1403 2032 consulto
1431 1994 1542 2031 non
1570 1976 1934 2034 existimabant

218 2058 354 2115 fieri.
438 2058 520 2113 lta
568 2052 927 2129 erumpendo,
986 2072 1167 2119 naves,
1209 2073 1337 2130 quae
1378 2055 1444 2110 ad
1487 2055 1686 2112 Baetim
1740 2056 1933 2112 flumen

220 2136 455 2201 fuissent,
497 2133 814 2191 incendunt.
898 2132 1082 2188 Nostri
1124 2132 1254 2188 dum
1299 2133 1556 2189 incendio
1596 2134 1934 2200 detinentur3

220 2217 302 2274 illi
346 2213 688 2292 profugiunt,
730 2216 781 2269 δι
809 2209 879 2268 ab
908 2210 1182 2288 equitibus
1209 2211 1591 2268 conciduntur.
1678 2214 1804 2291 Qo
1830 2213 1936 2269 fac-

223 2308 301 2362 tn,
357 2294 568 2369 oppido
609 2304 947 2368 recuperato,
1002 2290 1186 2348 Astam
1246 2291 1348 2346 iter
1401 2290 1580 2347 facere
1621 2296 1819 2366 coepit:
1874 2310 1937 2348 ex

220 2373 334 2451 qua
359 2374 575 2430 civitate
615 2370 781 2449 legati
808 2369 878 2426 ad
918 2368 1255 2425 deditionem
1294 2382 1581 2426 venerunt.
1667 2370 1937 2427 Munden-

220 2451 422 2530 sesque,
464 2451 560 2528 qui
594 2469 662 2507 ex
707 2448 901 2523 proelio
942 2448 996 2504 in
1038 2446 1308 2523 oppidum
1337 2447 1732 2525 confugerant,
1771 2467 1934 2526 quum

218 2530 423 2589 diutius
464 2527 984 2591 circumfiderentur,
1040 2525 1181 2583 bene
1222 2526 1381 2583 multi
1424 2526 1767 2584 deditionem
1814 2526 1937 2584 faci-

223 2624 354 2676 unt3
399 2614 449 2666 δι
489 2627 659 2685 quum
706 2606 872 2663 effent
911 2605 966 2661 in
1006 2604 1282 2680 legionem
1326 2604 1616 2672 distributi,
1663 2605 1938 2681 conjurant

218 2690 360 2746 inter
402 2690 470 2754 se,
517 2701 593 2752 ut,
638 2686 801 2743 noftu
844 2684 996 2761 figno
1024 2684 1173 2747 dato,
1217 2682 1312 2758 qui
1354 2683 1410 2739 in
1452 2685 1668 2758 oppido
1710 2686 1938 2751 fuissent,

217 2768 561 2845 eruptionem
604 2764 842 2821 facerent
858 2785 875 2829 ;
921 2763 999 2819 illi
1042 2761 1245 2818 caedem
1290 2762 1345 2817 in
1388 2763 1566 2818 castris
1607 2763 1937 2821 administra·

215 2861 357 2907 rent.
444 2845 569 2902 Hae
608 2864 665 2900 re
691 2842 932 2919 cognita,
958 2840 1274 2915 'insequenti
1317 2843 1495 2906 noete,
1542 2841 1736 2919 vigilia
1763 2841 1938 2909 tertia,

216 2922 406 2982 tess‘erfi
436 2922 586 2986 data,
616 2937 768 2982 extra
796 2921 995 2979 vallum
1024 2938 1213 2975 omnes
1243 2918 1359 2974 sunt
1386 2920 1606 2979 concii-i.

298 3002 592 3059 xxxvss.
635 3000 985 3064 Carteienses,
1028 3000 1160 3068 dum
1192 2997 1370 3053 Caesar
1399 2998 1454 3053 in
1499 2998 1697 3056 itinere
1738 2999 1940 3076 reliqua

215 3081 425 3158 oppida
465 3095 773 3157 oppugnat,
816 3092 1040 3155 propter
1074 3076 1401 3150 Pompeium
1444 3077 1719 3134 dissentire
1760 3096 1937 3153 coepe-

214 3176 378 3221 runt„
443 3159 571 3214 Pars
618 3155 752 3224 emi,
808 3178 932 3234 quae
985 3156 1196 3232 legatos
1248 3154 1314 3209 ad
1363 3153 1633 3229 Caesarem
1694 3156 1938 3220 miserat;

211 3256 356 3309 pare,
399 3238 495 3311 qui
524 3236 977 3310 Pompeianarum
1022 3231 1259 3310 partium
1302 3232 1469 3289 essent
1506 3234 1770 3293 fautore&
1853 3236 1944 3291 Se·

208 3313 420 3369 ditione
462 3312 759 3380 concitata,
803 3327 988 3389 portas
1029 3324 1334 3389 occupant:
1393 3313 1567 3372 caedes
1608 3314 1671 3371 fit
1713 3332 1944 3390 magna:

1165 3437 1184 3470 ⁸
1735 3390 1943 3449 saucius
