2169 3766
328 182 460 255 188
666 183 1713 281 C.Jtrr.11CAEs·AR1s

398 312 504 372 111.
545 310 826 372 Omnibus
855 313 940 371 his
967 312 1258 380 refistitur3
1292 313 1665 391 omnibusque
1708 313 1920 374 oratio
1971 335 2102 377 con·

316 385 463 458 sulis,
505 391 798 469 Scipionis,
840 394 1067 452 Catonis
1113 394 1434 470 opponitur.
1509 394 1812 452 Catonem
1885 412 2102 455 veteres

311 466 616 529 inimicitiae
640 469 866 531 Caesaris
891 472 1145 538 incitant,
1187 477 1240 529 ὃς
1266 472 1428 531 dolor
1453 472 1707 548 repulsat.
1802 475 2097 533 Lentulus

308 549 431 607 aeris
455 549 620 608 alieni
652 553 1055 630 magnitudine,
1100 555 1152 609 δι
1180 551 1274 629 spe
1316 552 1586 610 exercitus
1637 572 1707 611 ac
1754 556 2097 630 provincia·

310 645 457 696 rum,
498 634 550 687 δι
580 650 774 708 regum
820 631 1278 710 appellandorum
1324 631 1722 710 largitionibus
1768 650 2091 707 movetur-3

309 704 473 787 se'que
509 710 741 768 alterum
771 711 889 770 fore
918 711 1122 787 Syllam
1150 710 1292 768 inter
1318 710 1438 768 suos
1465 710 1760 788 gloriatur,
1798 713 1878 769 ad
1917 732 2091 790 quem

310 785 527 850 summa
552 789 768 867 imperii
793 792 999 849 redeat.
1083 790 1399 866 Scipionem
1429 790 1623 848 eadem
1668 790 1793 868 spes
1848 795 2091 868 provin-

312 866 413 926 ciae
438 882 608 948 atque
646 870 981 929 exercituum
1028 869 1270 946 impellit
1285 891 1302 936 ς
1347 889 1486 947 quos
1527 868 1580 925 se
1629 888 1736 947 pro
1782 871 2091 929 necestita-

310 946 442 1006 dine
468 949 797 1027 partiturum
823 969 952 1009 cum
993 948 1262 1026 Pompeio
1309 949 1639 1007 arbitratur:
1684 949 1881 1017 fimul,
1929 949 2089 1025 judi-

309 1026 523 1086 ciorum
549 1042 725 1087 metus
742 1051 760 1096 3
798 1029 1044 1087 adulatio
1067 1042 1232 1106 atque
1261 1028 1549 1086 ostentatio
1577 1027 1678 1093 sui,
1699 1033 2038 1104 potentium
2067 1049 2087 1097 ς

311 1107 413 1183 qui
447 1107 507 1165 ln
552 1108 861 1185 republica
873 1106 1200 1185 judiciisque
1229 1122 1347 1166 tum
1396 1108 1700 1184 plurimum
1748 1108 2082 1184 pollebant.

309 1186 432 1262 lpse
458 1186 774 1264 Pompeius,
814 1187 886 1246 ab
912 1188 1149 1246 inimicis
1203 1186 1430 1246 Caesaris
1477 1186 1757 1254 incitatus,
1803 1192 1860 1244 δε
1914 1187 2081 1266 quod

308 1267 589 1325 neminem
615 1267 885 1346 dignitate
929 1266 1110 1325 secum
1159 1267 1423 1344 exequari
1468 1265 1730 1334 volebat3
1781 1280 1980 1324 totum
2027 1266 2083 1324 se

306 1344 380 1402 ab
405 1344 520 1422 ejus
547 1347 791 1406 amicitia
816 1359 1119 1414 averterat3
1165 1351 1217 1404 δι
1242 1365 1371 1404 cum
1397 1346 1796 1404 communibus
1821 1346 2079 1403 inimicis

305 1424 364 1482 in
391 1425 629 1504 gratiam
656 1427 908 1495 redierat,
947 1444 1188 1504 quorum
1211 1424 1326 1503 ipse
1351 1424 1653 1485 maximam
1693 1437 1923 1502 partem
1961 1424 2077 1482 ‘illo

307 1504 583 1564 affinitatis
606 1517 881 1585 ”tempore
905 1506 1228 1584 adjunxerat
1257 1504 1455 1563 Caesari
1479 1526 1494 1562 :
1538 1504 1696 1563 fimul
1733 1502 1988 1562 infamia
2018 1522 2073 1562 n

308 1584 592 1662 legionum
622 1600 927 1664 permotus,
970 1606 1106 1664 quas
1134 1583 1427 1643 abitinere
1473 1583 1616 1644 Afiae
1659 1579 1959 1660 Syriaeque
2000 1581 2075 1641 ad

304 1663 812 1741 suam-potentiam
859 1663 1327 1747 dominatumque
1371 1676 1736 1731 converterat,
1807 1682 1938 1722 rem
1996 1661 2071 1721 ad

281 1761 452 1802 ‘arma
478 1744 674 1803 deduci
703 1744 971 1804 studebat.
1750 1783 1758 1787 -

382 1821 494 1883 JV.
539 1823 650 1882 His
676 1824 746 1883 de
771 1825 939 1886 caufis
967 1839 1208 1907 aguntur
1251 1825 1441 1886 omnia
1467 1823 1698 1903 ruptim,
1740 1833 1915 1903 atque
1949 1835 2070 1882 tur·

304 1900 453 1963 bate·
534 1901 740 1985 Neque
778 1906 1015 1965 docendi
1048 1906 1306 1974 'Caesaris‚
1345 1904 1672 1985 propinquis
1717 1902 1840 1980 ejus
1891 1904 2071 1981 spati-

307 2003 402 2043 um
430 1982 607 2046 datur.
685 1986 812 2045 Nec
839 1986 1072 2047 tribunis
1098 1986 1298 2065 plebis,
1327 1986 1403 2044 sui
1425 1983 1651 2063 periculi
1675 1981 2066 2060 deprecandiJ

305 2081 491 2142 neque
516 2066 681 2123 etiam
711 2067 944 2126 extremi
964 2067 1104 2144 juris
1145 2066 1517 2124 interceffione
1562 2060 1857 2130 retinendi,
1904 2060 2067 2141 quod

304 2142 380 2202 L.
411 2143 563 2219 Syna
590 2145 914 2225 reliqueram
954 2146 1181 2205 facultas
1210 2145 1483 2204 tribuitur.
1566 2141 1673 2201 Sed
1719 2142 1794 2200 de
1836 2140 1941 2199 sua
1985 2141 2064 2199 sa-

304 2220 423 2281 lute
447 2221 540 2282 die
560 2241 654 2282 vu
695 2214 942 2305 cogitare
978 2241 1295 2304 coguntur;
1336 2223 1500 2303 quod
1532 2221 1613 2280 illi
1659 2219 2065 2280 turbulentiffi·

309 2300 390 2360 mi
426 2301 792 2381 superioribus
840 2304 1184 2383 temporibus
1229 2303 1433 2363 tribuni
1477 2299 1675 2379 plebis,
1712 2302 1919 2359 octavo
1965 2300 2061 2357 de-

309 2380 478 2458 nique
504 2385 687 2443 mense
702 2380 926 2443 Tuarum
954 2385 1234 2443 actionum
1258 2383 1519 2461 respicere
1561 2399 1624 2439 ac
1671 2381 1869 2439 timere
1920 2397 2062 2437 con-

315 2455 615 2521 sueverant.
701 2463 1024 2523 Decurritur
1075 2465 1146 2521 ad
1199 2464 1336 2522 illud
1363 2476 1674 2521 extremum
1714 2472 1888 2537 atque
1935 2458 2064 2515 ulti-

311 2558 467 2599 mum
498 2542 552 2600 S.
584 2542 653 2601 C.
685 2562 819 2621 quo,
860 2544 959 2603 nifi
987 2543 1131 2621 pene
1153 2542 1212 2602 in
1237 2543 1355 2622 ipso
1383 2540 1530 2602 urbis
1566 2537 1851 2606 i'ncendio,
1887 2555 2062 2615 atque

312 2617 686 2698 desperatione
739 2624 990 2681 omnium
1039 2623 1242 2691 salutis,
1292 2623 1530 2680 latorum
1559 2617 1836 2685 audacia,
1897 2636 2057 2675 num·

311 2717 478 2778 quam
508 2699 634 2762 ante
660 2700 936 2762 discefl'um
965 2703 1038 2761 est
1059 2723 1079 2771 3
1123 2702 1267 2761 Dent
1293 2716 1492 2779 operam
1517 2697 1747 2778 tonstales,
1785 2711 2057 2773 praetores,

308 2778 515 2838 tribuni
528 2779 713 2857 plebis,
739 2784 920 2862 quique
936 2796 1035 2858 pro
1079 2780 1495 2858 confilibusstent
1517 2777 1595 2838 ‘ad
1606 2777 1819 2842 *nrbemz
1850 2776 2064 2852 'lesquid

312 2857 595 2936 respublica
620 2863 911 2920 detrimenti
935 2867 1135 2938 capiat.
1217 2861 1361 2920 Haec
1404 2861 1461 2917 S.
1512 2859 1585 2916 C.
1628 2854 2057 2934 perscribuntur,

310 2954 363 2996 a.
395 2938 453 2995 d.
502 2958 599 3000 vu
648 2940 733 2998 ld.
775 2942 1000 3018 Januar.
1040 2941 1237 3019 ltaque
1266 2960 1305 2997 ν
1358 2938 1550 3018 primis
1600 2935 1817 3002 diebus,
1842 2933 2059 3011 ‘quibus

311 3014 503 3075 baberi
532 3017 746 3078 senatus
771 3020 972 3097 potuit,
1015 3020 1129 3098 qua
1155 3040 1228 3080 ex
1251 3021 1344 3079 die
1368 3017 1712 3076 consulatum
1743 3014 1875 3074 iniit
1917 3014 2058 3072 Len-

312 3095 481 3163 tulus,
518 3094 694 3156 biduo
717 3112 954 3178 excepto
978 3099 1246 3159 comitiali
1272 3121 1294 3168 ς
1336 3104 1386 3159 δι
1411 3098 1484 3156 de
1526 3094 1764 3173 imperio
1791 3092 2055 3159 &Caesaria

311 3180 365 3233 δι
393 3175 463 3234 de
488 3176 822 3254 ampliflimis
868 3178 997 3237 viris
1025 3178 1260 3239 tribunis
1305 3176 1506 3257 plebis,
1549 3172 1865 3255 graviflim&
1909 3190 2054 3231 acer·

314 3252 521 3314 biffime
566 3272 633 3310 ue
656 3255 986 3314 decernitur.
1068 3258 1239 3317 Profu
1283 3259 1407 3317 iunt
1443 3257 1619 3315 statim
1660 3271 1736 3311 ex
1781 3251 1922 3317 urbe
1964 3250 2054 3310 tri·

316 3329 452 3388 buni
501 3272 700 3405 glebis»
764 3330 981 3407 sese-que
1026 3335 1099 3393 ad
1146 3337 1245 3393 Cae
1268 3354 1416 3395 arem
1464 3333 1781 3393 conferunt.
1897 3332 1950 3389 Is
1990 3333 2053 3386 ἑο

326 3419 575 3487 tempore
625 3418 740 3465 erat
781 3406 1064 3469 Ravennae
1082 3432 1108 3482 5
1146 3410 1761 3495 exspectabatquessuis
1791 3408 2055 3547 lengffpnis

1533 3519 1538 3524 -
1784 3508 1865 3570 po
1910 3508 1943 3546 u
1965 3503 2057 3546 atis
