2169 3766
416 230 530 279 ιε
587 206 887 277 BELLo
944 205 1689 279 AL‘ExA‘Nnnmo.
1797 223 1973 299 341.

194 324 453 402 legiones
481 325 736 399 opponit,
769 325 941 380 aciem
973 323 1200 381 instruit.
1274 325 1446 399 Cujus
1475 329 1551 382 rei
1580 325 1756 383 subita
1783 323 1953 401 trepi-

200 406 362 461 datio
392 424 657 479 maguum
701 417 963 459 terrorem
997 405 1178 459 attulit
1205 404 1412 461 nostris.
1497 404 1770 462 Nondum
1795 403 1955 460 ordi-

203 485 373 541 nibus
399 483 684 554 instructis,
710 482 926 537 falcat'ae
951 501 1002 535 r
976 483 1114 557 egiae
1137 483 1422 559 quadrigae
1448 482 1722 557 permistos
1746 482 1950 540 milites

158 623 163 628 ,
202 563 575 638 perturbant3
626 580 752 635 quse
794 575 977 616 tamen
1020 563 1287 617 celeriter
1309 561 1672 618 multitudine
1712 562 1950 619 telorum

204 641 624 715 opprimuntur.
673 636 980 714 Insequitur
1009 639 1126 705 has,
1158 642 1303 695 acies
1330 641 1601 705 hostiumn
1630 646 1681 697 δι
1705 640 1953 697 clamore

215 718 461 780 sublate,
488 715 834 794 confligitur3
864 718 1102 774 multum
1126 717 1424 792 adjuvante
1449 719 1642 775 natura
1667 718 1795 782 loci,
1823 719 1959 793 plu-

205 796 421 853 *timum
465 795 712 851 Deorum
756 796 1157 853 immortalium
1203 798 1575 873 benignitate.
1628 799 1733 890 qui
1771 813 1953 875 quum

187 874 481 932 omnibus
507 872 720 932 casibus
754 875 881 931 belli
905 875 1194 938 intersunt.
1231 889 1350 932 tum
1379 874 1660 951 praecipue
1686 876 1786 943 eiS,
1823 878 1957 992 qui-

209 952 315 1011 bus
346 953 485 1009 nihil
512 953 721 1010 ratione
751 953 931 1028 potuit
958 954 1316 1011 adminstrari.

293 1032 449 1089 LXI.
484 1033 702 1107 Magno
729 1046 893 1108 atque
917 1034 1026 1088 acri
1057 1033 1307 1089 corninus
1335 1033 1531 1108 proelio
1552 1032 1730 1099 facto}
1761 1051 1794 1087 a
1818 989 1972 1088 dex-'

170 1116 296 1168 tro
324 1128 515 1175 cornu,
546 1128 659 1186 quo
688 1124 948 1167 veterana
975 1110 1124 1188 legio
1153 1131 1216 1168 vr
1249 1127 1364 1167 erat
1393 1112 1691 1176 collocata,
1727 1111 1953 1168 initium

221 1189 469 1247 victoriae
497 1202 685 1244 natum
715 1190 807 1245 est.
892 1190 987 1250 Ab
1014 1209 1081 1245 ea
1111 1203 1263 1265 parte
1290 1209 1461 1266 quum
1490 1190 1547 1245 in
1582 1189 1829 1266 proclive
1856 1189 1958 1245 de-

216 1267 569 1325 truderentur
596 1267 802 1334 hostes;
833 1268 1015 1325 multo
1036 1268 1262 1333 tardius,
1288 1269 1377 1325 ied
1402 1283 1586 1325 tamen
1617 1268 1806 1326 iisdem
1830 1267 1958 1323 Diis

187 1346 629 1420 adjuvantibuS,
666 1345 868 1404 finistro
897 1364 1088 1414 cornu,
1092 1348 1414 1444 mediaque
1440 1349 1577 1415 acie,
1607 1361 1737 1404 totae
1761 1345 1958 1437 profli-

221 1439 427 1503 gantur
453 1425 630 1500 copiae
657 1426 828 1502 regis:
860 1445 984 1501 quae
1008 1446 1176 1503 quam
1203 1424 1369 1483 facile
1396 1425 1712 1483 subierant
1698 1427 1956 1501 iniquum

221 1506 434 1570 locum,
478 1517 590 1560 tam
619 1504 864 1560 celeriter
892 1508 1067 1581 gradu
1094 1505 1266 1580 pulsae
1294 1506 1686 1582 premebantur
1711 1504 1866 1560 loci
1849 1504 1960 1560 rni-

221 1582 451 1659 quitate.
523 1583 717 1658 Itaque
747 1583 930 1640 multis
960 1585 1224 1641 militibus
1254 1585 1452 1661 partim
1482 1584 1799 1650 interfectiS,
1832 1601 1960 1658 par-

221 1664 324 1718 tim
367 1659 583 1718 suorum
614 1660 775 1717 ruina
800 1663 1100 1738 oppre111s3·
1136 1663 1233 1739 qui
1261 1664 1555 1739 velocitate
1583 1664 1824 1738 effugere
1854 1679 1960 1736 po-

220 1732 422 1804 terant,
468 1740 630 1797 armis
659 1752 847 1796 tamen
889 1740 1167 1816 projeffls,
1211 1742 1413 1798 vallem
1453 1741 1770 1819 transgreffi‚
1814 1739 1960 1796 nibil

223 1838 294 1876 ex
326 1818 451 1874 loco
484 1817 799 1895 superiore
787 1838 1015 1876 mermes
1035 1822 1311 1898 proficere
1339 1833 1610 1897 poterant.
1690 1822 1764 1876 At
1792 1819 1960 1875 nostri

223 1898 459 1956 νίἑὶοτὶε.
485 1898 635 1965 elati,
667 1898 881 1955 subire
866 1900 1117 1975 iniquum
1149 1900 1354 1963 locum,
1387 1897 1826 1974 munitionesque
1856 1918 1960 1975 ag·-
2005 1967 2008 1971 ,

226 1977 387 2055 gredi
430 1996 541 2034 non
583 1976 939 2035 dubitarunt.
984 1978 1411 2035 defendentibus
1439 1992 1623 2035 autem
1667 1978 1732 2033 iis
1762 1981 1960 2035 cohor-

222 2058 372 2113 tibus
400 2057 588 2122 castra,
633 2075 769 2132 quas
793 2056 1107 2114 Pharnaces
1150 2055 1398 2131 praesidio
1435 2056 1732 2134 reliquerat
1746 2080 1760 2120 ;
1805 2056 1956 2112 cele-

221 2136 354 2192 riter
381 2136 557 2192 castris
595 2136 827 2192 hostium
869 2135 990 2192 sunt
1017 2137 1199 2211 potiti.
1286 2135 1576 2191 interfeci&
1604 2134 1960 2197 multitudine

228 2228 328 2271 aut
357 2228 522 2290 capta
547 2216 786 2279 suorum,
821 2215 1126 2270 Pharnaces
1156 2232 1278 2270 cum
1311 2213 1512 2287 paucis
1527 2211 1804 2289 equitibus
1832 2230 1963 2288 pro-

220 2293 401 2369 fugit·
430 2293 517 2350 cui
544 2293 643 2350 nili
666 2295 959 2357 castrorum
981 2292 1337 2383 oppugnatio
1351 2290 1675 2357 facultatem
1705 2291 1962 2349 attuliflet
2026 2312 2033 2315 ⁴

219 2370 448 2428 liberius
477 2358 851 2461 profugiendi,
883 2373 1036 2430 vivus
1059 2374 1116 2429 in
1139 2370 1367 2432 caeiaris
1395 2372 1718 2448 potestatem
1750 2370 1962 2428 adduc·-
1990 2421 1996 2426 .

222 2464 311 2507 tus
340 2451 487 2506 effet-
569 2508 578 2513 ,
1120 2484 1123 2487 ¹

308 2528 491 2586 LXH.
540 2526 670 2586 Tali
712 2528 958 2593 victoria,
1001 2514 1169 2587 toties
1210 2529 1381 2587 viclor
1421 2527 1607 2586 Caesar
1643 2525 1962 2586 incredibili

225 2607 303 2664 est
341 2606 534 2665 laetitia
564 2608 821 2673 affeftus3
862 2609 1010 2683 quod
1050 2608 1360 2666 maximum
1403 2608 1610 2665 bellum
1634 2606 1792 2663 tanta
1817 2606 1968 2662 cele-

223 2689 389 2742 ritate
416 2687 746 2744 confecerat.
836 2688 1087 2782 Eratque
1106 2687 1266 2744 subiti
1312 2687 1541 2761 periculi
1581 2684 1968 2743 recordatione

225 2765 422 2832 laetior,
465 2764 616 2842 quod
659 2765 886 2823 victoria
929 2766 1108 2823 facilis
1138 2785 1207 2822 ex
1233 2765 1572 2822 difficillimis
1613 2766 1774 2821 rebus
1816 2764 1965 2821 acci-

226 2845 404 2899 derat.
483 2846 658 2900 Ponto
685 2860 930 2920 recept0‚
961 2845 1145 2920 praeda
1173 2846 1329 2900 omni
1354 2844 1507 2922 regia
1535 2842 1800 2901 militibus
1829 2861 1968 2899 con-

230 2922 461 2987 donata,
507 2924 718 2998 poileio
745 2924 835 2979 die
863 2942 988 2980 cum
1025 2924 1304 3000 expeditis
1323 2923 1600 2999 equitibus
1641 2921 1754 2998 ipse
1794 2922 1966 2998 profi-

229 3000 483 3057 ciscitur:
526 3003 801 3091 legionem
837 3021 898 3058 vr
932 3004 1198 3059 decedere
1227 3001 1300 3058 ad
1337 3001 1566 3077 praemia
1591 3017 1758 3077 atque
1785 3002 1968 3057 hono-

229 3098 317 3135 res
362 3079 711 3154 accipiendos
752 3081 808 3136 in
840 3080 1059 3137 ltaliam
1096 3080 1292 3155 jubet:
1334 3081 1542 3138 auxilia
1569 3079 1820 3138 Deiotari
1860 3079 1969 3136 do-

231 3177 385 3215 mum
418 3159 667 3216 remittit:
706 3178 755 3214 11
781 3158 1027 3237 legiones
1049 3180 1178 3218 cum
1202 3158 1378 3218 Caelio
1399 3160 1725 3218 Vinciano
1710 3178 1768 3253 m
1785 3158 1968 3219 Ponto
2022 3180 2037 3196 .

228 3237 524 3311 relinquit.-

314 3315 530 3385 LXIII.
554 3315 638 3372 Ita
661 3334 760 3393 per
771 3313 1220 3408 Gallograeciam
1243 3317 1711 3395 Bithyniamque'
1695 3335 1752 3373 in
1776 3314 1970 3373 Asiam

223 3392 335 3453 iter
375 3392 548 3456 facin
603 3392 964 3474 omniumque
1005 3414 1196 3454 earum
1253 3397 1662 3476 provinciarum
1717 3395 1786 3451 de
1829 3411 1968 3530 cosp-

1013 3476 1096 3554 (ζ
1113 3495 1191 3552 3
1700 3485 1876 3534 trover
1922 3487 1973 3529 is-

99 308 125 317 a
