2169 3766
380 174 489 223 Dr:
545 150 846 222 Βειιο
904 151 1637 252 ALEXAuano.
1745 178 1887 252 319

140 269 281 332 tura
311 272 524 329 munita
551 273 893 339 adverteret3
935 272 1358 350 confertamque
1386 289 1720 331 armatorum
1753 275 1896 331 mul·

146 351 452 412 titudinem
497 350 832 407 collocatam
874 350 931 406 in
962 349 1113 408 vallo
1139 352 1384 419 videret;
1427 355 1580 410 laffos
1609 354 1801 409 itinere
1827 371 1897 411 ac

148 430 473 509 proelia'ndo
512 429 709 486 milites
738 432 807 485 ad
849 432 1231 507 oppugnanda
1257 431 1427 488 castra
1462 431 1751 489 succedere
1793 448 1895 489 no-

150 510 293 569 luit:
351 509 558 586 itaque,
621 526 731 564 non
785 527 994 586 magno
1034 511 1329 566 intervallo
1372 511 1560 574 relicto
1603 511 1676 578 ab
1721 511 1893 576 hoste,

152 591 333 647 castra
362 588 543 665 posuit
622 587 835 643 Postero
860 590 951 643 die
975 588 1281 655 castelium,
1310 590 1458 665 quod
1488 609 1588 645 rex
1621 591 1678 645 in
1707 591 1898 665 proxi-

154 686 258 734 mo
287 668 414 724 vico
443 685 554 724 non
583 665 751 743 longe
781 667 815 722 a
842 666 942 744 suis
971 666 1155 723 castris
1182 669 1513 752 muniverat,
1548 666 1898 745 brachiisque

155 766 294 803 cum
325 764 493 823 opere
515 745 807 802 castrorum
837 745 1217 821 conjunxerat,
1250 746 1358 803 vici
1380 747 1672 804 obtinendi
1699 748 1898 814 causz‘i3

157 823 350 883 Caesar
392 824 662 902 aggressus
703 825 959 881 omnibus
998 826 1195 901 copiis,
1237 842 1554 902 expugnatz
1603 844 1713 881 non
1740 825 1898 902 quod

153 905 221 962 id
265 904 466 960 minori
505 922 734 959 numero
763 905 1002 976 militum
1026 905 1311 979 coniequi,
1353 905 1576 962 difficile
1608 904 1753 961 factu
1796 922 1900 979 pu-

161 994 342 1048 taret;
399 980 488 1038 sed
539 994 597 1038 ut
640 982 710 1037 ab
753 982 820 1037 ea
861 983 1108 1049 viciorifi,
1161 983 1456 1059 perterritis
1483 983 1895 1039 Alexandrinis

161 1061 418 1139 protinus
448 1061 616 1117 castra
640 1060 786 1138 regis
810 1074 1178 1138 oppugnaret.
1222 1065 1225 1070 '
1258 1063 1456 1138 Itaque
1482 1081 1549 1119 eo
1576 1061 1753 1128 cursu,
1782 1077 1897 1137 quo

163 1139 503 1217 refugientes
529 1139 927 1196 Alexandrinos
951 1159 1020 1195 ex
1042 1139 1260 1197 castello
1278 1142 1339 1196 in
1362 1137 1529 1197 castra
1552 1139 1673 1196 sunt
1701 1140 1902 1198 milites

164 1218 423 1284 insecuti,
463 1218 859 1275 munitionibus
899 1216 1295 1285 succefl'erunt3
1349 1215 1723 1297 acerrimeque
1761 1218 1902 1275 erni-

168 1316 274 1355 nus
306 1296 551 1372 proeliari
578 1309 886 1373 coeperunt.
957 1295 1191 1354 Duabus
1218 1315 1288 1355 ex
1315 1297 1559 1374 partibus
1587 1297 1770 1355 aditus
1796 1314 1900 1374 op-

167 1376 528 1453 pugnationis
547 1376 731 1434 nostris
750 1374 1016 1433 dabatur:
1035 1374 1170 1443 una,
1189 1394 1358 1453 quarn
1375 1376 1611 1434 liberum
1633 1376 1906 1435 access'um

167 1456 381 1512 habere
406 1454 809 1521 demonstravi3
854 1453 1042 1522 altera,
1086 1476 1213 1533 quae
1244 1455 1522 1513 mediocre
1547 1455 1906 1513 intervallum

171 1533 315 1591 inter
366 1534 534 1590 castra
588 1538 639 1590 δι
695 1533 903 1591 flumen
946 1533 1144 1591 Nilum
1200 1533 1461 1593 habebat.
1546 1533 1802 1592 Maxima
1853 1537 1907 1590 δε

170 1611 485 1675 elec'tiffima
520 1613 1023 1670 Alexandrinorum
1065 1612 1363 1672 multitudo
1401 1612 1740 1671 desendebat
1777 1630 1907 1670 eam

171 1705 417 1769 partem,
470 1710 597 1767 quae
637 1691 967 1750 facillimum
1012 1692 1221 1749 aditum
1273 1693 1573 1750 habebat?
1605 1692 1906 1767 plurimum

175 1784 361 1828 autem
418 1770 779 1846 proficiebant
832 1772 1006 1828 hostes
1048 1770 1104 1827 in
1155 1771 1488 1846 repellendis
1528 1768 1927 1827 vulnerandis·

177 1861 287 1927 que
316 1848 528 1912 nostris,
563 1848 659 1926 qui
686 1849 748 1906 in
773 1849 999 1926 regione
1026 1849 1266 1907 fluminis
1296 1850 1415 1907 Nili
1446 1850 1904 1928 propugnabant:

179 1928 405 1985 diveriis
446 1926 596 1986 enim
638 1930 757 1993 telis
801 1926 968 1986 nostri
1006 1929 1351 2007 figebantur3
1395 1928 1624 1998 adverli,
1658 1947 1734 1993 ¹ex
1761 1927 1951 1985 vallo*

180 2008 511 2074 castrorum3
556 2007 748 2074 averli,
784 2026 854 2064 ex
881 2007 1109 2064 flumine
1130 2029 1148 2074 3
1188 2009 1246 2063 in
1276 2027 1387 2083 quo
1413 2008 1601 2064 multae
1628 2025 1798 2075 naves
1826 2007 1912 2062 in-

180 2082 390 2143 struc'tae
421 2085 787 2154 funditoribus
818 2091 870 2143 δε
897 2084 1205 2162 sagittariis,
1251 2087 1454 2142 nostros
1481 2085 1913 2163 impugnabant.

179 2162 384 2233 Caesar,
427 2183 556 2221 cum
596 2165 805 2221 videret
846 2164 1047 2220 milites
1078 2163 1253 2220 acrius
1295 2163 1536 2241 proeliari
1579 2182 1692 2220 non
1735 2163 1910 2240 poffe,

180 2261 286 2300 nec
329 2255 515 2302 tamen
559 2242 793 2300 multum
837 2243 1027 2318 profici
1068 2258 1292 2318 propter
1331 2243 1581 2311 locorum
1618 2241 1919 2300 difficulta-

180 2336 339 2381 tem:
390 2319 672 2398 quumque
713 2323 959 2379 animum
1004 2319 1331 2389 adverteret,
1381 2320 1790 2378 excelfiffimum
1830 2320 1917 2379 lo-

179 2418 314 2458 cum
351 2388 645 2458 castrorum
686 2399 934 2457 reliclum
962 2399 1067 2457 effe
1095 2398 1168 2455 ab
1197 2399 1626 2466 Alexandrinin
1669 2398 1820 2476 qudd
1863 2404 1917 2456 δε

181 2497 285 2556 per
327 2478 382 2535 se
421 2479 662 2537 munitus
690 2478 852 2544 effet3
897 2478 1152 2536 &studio
1193 2479 1393 2555 partim
1436 2478 1747 2556 pugnandi,
1790 2496 1919 2554 par-

182 2558 289 2614 tim
331 2555 633 2634 spectandi,
686 2556 1109 2615 decucurriffent
1147 2559 1205 2614 in
1260 2577 1387 2615 eum
1442 2560 1650 2624 locum,
1705 2557 1763 2614 in
1804 2574 1925 2632 quo

182 2635 575 2770 pugnabatur:
622 2637 876 2694 cohortes
917 2636 1014 2695 illo
1055 2637 1284 2695 circuire
1312 2637 1498 2701 castra,
1543 2639 1593 2692 &
1638 2634 1974 2711 summum*

209 2732 380 2777 ocum
421 2716 671 2794 aggredi,
706 2714 886 2791 justin
928 2714 1121 2792 hisque
1155 2715 1518 2777 Carfulenum
1559 2713 1824 2791 praefecit,
1867 2718 1922 2770 δε

188 2793 366 2852 animi
419 2794 827 2872 magnitudine,
894 2798 946 2852 sc
997 2795 1077 2853 rei
1130 2793 1382 2853 militaris
1436 2791 1680 2861 scientia,
1740 2794 1924 2851 virum

187 2873 557 2949 praestantem.
639 2875 776 2946 Quo
803 2885 862 2931 ut
889 2886 1115 2932 ventum
1143 2874 1217 2930 est
1233 2899 1249 2941 ;
1280 2874 1470 2949 paucis
1497 2866 1924 2929 defendentibus

188 2951 583 3020 munitionem,
612 2953 798 3012 nostris
822 2951 1016 3011 contra
1041 2952 1308 3010 militibus
1334 2949 1598 3008 acerrimi
1625 2950 1925 3028 pugnanti-
2018 2988 2029 2995 -

188 3028 326 3097 bus;
373 3030 587 3089 diverso
624 3031 868 3090 clamore
907 3037 964 3088 &
1001 3031 1200 3108 proelio
1242 3029 1508 3107 perterriti
1542 3028 1924 3096 Alexandrini,

187 3109 533 3183 trepidantes
572 3112 630 3168 in
669 3126 863 3168 omnes
917 3124 1098 3187 partes
1141 3111 1434 3168 castrorum
1477 3107 1772 3167 discurrere
1811 3125 1927 3165 coe-

187 3202 426 3263 petunt:
475 3208 712 3264 quorum
753 3189 1190 3266 perturbatione,
1233 3191 1543 3251 nostrorum
1574 3188 1741 3246 animi
1785 3185 1931 3251 adeo,
1996 3219 2017 3259 -g

191 3262 319 3323 sunt
345 3265 584 3334 incitati,
625 3279 686 3324 ut
721 3264 865 3345 pene
889 3266 1087 3324 eodem
1132 3280 1382 3344 tempore
1409 3287 1480 3324 ex
1507 3266 1765 3325 omnibus
1802 3281 1930 3340 par-

193 3345 369 3416 tibus,
411 3346 579 3425 primi
616 3361 805 3406 tamen
830 3344 1178 3404 editiffimum
1220 3347 1407 3406 locum
1439 3348 1734 3405 castrorum
1765 3361 1933 3418 cape-

984 3424 1027 3483 P
1068 3442 1111 3502 4
1270 3452 1273 3457 ·
1775 3435 1899 3477 rent
1914 3442 1948 3486 ᾗ
