2169 3766
213 154 360 231 210
579 133 1052 227 C.Ju1„11
1132 132 1662 207 CAEsAars

213 268 469 326 uteretur,
511 271 682 335 atque
708 275 906 316 omnes
941 256 1054 320 fine
1080 258 1281 318 timore
1306 261 1411 317 iter
1437 261 1714 328 facerent,
1764 261 1838 320 usi
1883 263 1968 322 su-

207 338 490 416 periorum
511 349 829 415 temporum
854 349 1023 415 atque
1046 339 1307 403 itinerum
1334 338 1597 398 licentii:
1626 353 1794 401 erant
1813 361 1968 401 com·

208 416 394 493 plures
420 416 634 474 honesti
664 414 1060 487 adolescentes,
1100 418 1412 476 senatorum
1451 419 1573 486 filii,
1618 422 1673 475 ἃ
1699 422 1963 496 equestris

210 493 458 553 ordinis:
494 507 653 553 erant
676 495 986 572 legationes
1013 495 1339 555 civitatum:
1375 509 1535 555 erant
1560 497 1742 572 legati
1771 499 1957 558 Caesa-

209 573 316 632 ris:
371 574 473 631 hos
508 591 702 633 omnes
744 572 977 632 flumina
1014 574 1395 643 continebant.
1479 575 1573 632 Ad
1616 575 1722 632 bos
1766 579 1960 654 oppri-

209 653 468 721 mendos,
508 671 637 711 cum
664 651 820 710 omui
850 653 1101 729 equitatu
1126 653 1409 731 tribusque
1434 654 1758 732 legionibus
1787 657 1958 714 Afra-

212 731 335 790 nius
374 731 448 791 de
488 733 649 790 noble
686 730 1079 809 proficiscitur3
1128 732 1616 811 imprudentesque
1659 736 1955 792 antemiflis

208 810 495 888 equitibus
521 810 874 888 aggreditur:
914 811 1162 868 celeriter
1190 824 1378 869 tamen
1408 811 1516 868 sese
1544 811 1705 869 Galli
1738 815 1955 890 equites

211 890 536 966 expediunt,
590 886 962 965 proelit'imque
1014 889 1390 947 committunt.
1471 889 1573 955 Hi,
1627 889 1774 964 ,dum
1827 894 1954 967 pari

211 969 516 1028 certamine
547 985 636 1025 res
670 967 787 1044 geri
830 968 1026 1042 potuit,
1068 986 1337 1045 magnum
1380 969 1611 1026 hostium
1655 988 1952 1027 numerum

211 1048 381 1125 pauci
432 1045 762 1113 sustinuere5
816 1044 931 1112 sed,
983 1045 1078 1103 ubi
1122 1043 1276 1124 ligna
1312 1046 1597 1126 legionum
1643 1050 1960 1124 appropin-

212 1145 388 1203 quare
406 1137 711 1202 «eperunt,
742 1124 932 1201 paucis
952 1124 1169 1191 antistis,
1196 1123 1308 1184 sese
1335 1125 1395 1182 in
1423 1136 1637 1183 mo'utes
1667 1128 1954 1200 proximos

212 1204 526 1264 conferunt.
606 1204 738 1261 Hoc
777 1221 984 1280 pugna:
1008 1216 1226 1280 tempus
1251 1223 1522 1282 magnum
1551 1204 1736 1266 attulit
1765 1205 1953 1265 uostris

213 1283 288 1341 ad
327 1282 964 1350 salutemmomentum3
1008 1283 1153 1339 nacti
1180 1281 1331 1341 enim
1360 1282 1620 1359 spatium,
1663 1281 1804 1340 sein
1831 1282 1953 1342 loca

212 1359 493 1437 superiora
519 1372 865 1437 receperunt.
948 1359 1257 1418 Defiderati
1299 1359 1423 1419 sunt
1448 1379 1519 1419 eo
1546 1361 1640 1418 die
1682 1359 1950 1439 sagittarii

216 1439 429 1499 circiter
459 1458 562 1507 cc,
603 1439 814 1516 equites
855 1440 1042 1516 pauci,
1065 1430 1351 1499 ‘calonum
1377 1449 1545 1519 atque
1577 1439 1952 1517 impedimen-

213 1529 394 1577 torum
425 1536 539 1575 non
565 1535 805 1596 maguus
829 1537 1113 1577 uumerus.
1729 1528 1736 1534 '

294 1596 505 1655 XLIX.
545 1597 656 1654 His
681 1611 870 1655 tamen
895 1597 1158 1656 omnibus
1183 1616 1405 1657 annona
1431 1596 1641 1657 crevit:
1683 1619 1816 1678 quae
1843 1596 1955 1658 fere

208 1693 320 1750 ges,
360 1674 551 1751 iuopia
578 1693 689 1734 uon
729 1673 904 1734 solum
947 1675 1247 1751 praesentis,
1288 1675 1382 1735 sed
1410 1677 1579 1735 etiam
1606 1672 1781 1736 futuri
1816 1694 1953 1737 tem-

214 1753 364 1832 poris
406 1754 625 1822 timore,
665 1753 1045 1833 ingravescere
1071 1755 1370 1814 cousuevit·
1455 1757 1698 1834 Jamque
1737 1756 1814 1815 ad
1854 1757 1953 1816 de·

216 1832 402 1893 narios
458 1851 491 1891 ι.
548 1833 608 1892 in
668 1831 910 1912 singulos
965 1835 1182 1893 modios
1224 1853 1445 1903 annona
1484 1850 1836 1912 pervenerat,
1904 1841 1949 1895 δι

214 1913 458 1973 militum
511 1913 652 1971 vires
699 1912 892 1990 inopia
931 1913 1193 1973 frumenti
1233 1914 1597 1973 diminuerat:
1658 1928 1833 1992 atque
1872 1916 1953 1973 iu·

214 1990 514 2051 commoda
553 1992 612 2049 iu
651 1992 768 2051 dies
798 1994 1181 2071 augebantur:
1223 1993 1285 2051 &⁴
1316 2007 1454 2060 tam,
1494 1993 1698 2070 paucis,
1728 1995 1951 2062 diebus,

215 2090 425 2149 magna
451 2084 568 2129 erat
591 2090 773 2129 rerum
813 2071 960 2129 facta
987 2073 1369 2138 commutatio,
1415 2090 1481 2129 ac
1523 2069 1576 2128 se
1617 2071 1846 2130 fortuna
1863 2074 1955 2130 ‘iu-
2051 2078 2060 2083 ”

217 2149 552 2216 clinaverat3
593 2164 651 2207 ut
675 2150 836 2207 nostri
867 2150 1075 2227 magua
1104 2150 1293 2227 inopia
1320 2149 1739 2209 neceffariarum
1771 2170 1960 2210 rerum¹

216 2225 689 2297 confliclar'ent-ur3
718 2229 799 2286 ini
828 2229 1089 2288 omnibus
1116 2230 1467 2286 abundarent
1492 2228 1678 2296 rebus,
1706 2227 1954 2307 superio-

216 2303 411 2384 resque
450 2307 801 2365 haberentur.
895 2307 1080 2366 Caesar
1107 2307 1172 2364 iis
1201 2307 1539 2373 civitatibus,
1581 2327 1709 2384 quae
1738 2309 1814 2367 ad
1842 2308 1955 2384 ejus

163 2395 171 2406 ’
215 2385 518 2443 amicitiam
552 2387 902 2450 accesserant,
945 2384 1061 2460 quo
1098 2385 1279 2443 minor
1302 2402 1423 2443 erat
1461 2386 1725 2443 frumeuti
1769 2387 1954 2464 copia,

212 2482 387 2541 pecus
438 2464 775 2541 imperabat:
837 2465 1060 2522 calones
1105 2466 1176 2521 ad
1229 2464 1652 2542 longinquiores
1698 2466 1955 2524 civitates

214 2542 562 2601 dimittebat:
619 2542 735 2619 ipse
772 2541 1097 2618 praesentem
1137 2544 1416 2620 inopiam,
1468 2543 1671 2621 quibus
1713 2556 1953 2621 poterat,
2038 2549 2043 2554 '

215 2618 461 2681 subsidiis
489 2621 788 2680 tutabatur.

294 2700 361 2758 L.
404 2700 547 2759 Haec
573 2700 836 2758 Afranius
862 2697 1234 2777 Petreiusque,
1276 2706 1330 2759 δε
1365 2701 1560 2759 ebrum
1598 2699 1789 2768 amici,
1834 2699 1957 2777 ple·

213 2777 373 2860 niora
397 2780 566 2837 etiam
605 2792 771 2856 atque
800 2778 1055 2841 uberiora
1084 2780 1329 2836 Romam
1370 2780 1445 2837 ad
1486 2778 1607 2836 suos
1649 2777 1954 2855 perscribe·

217 2854 377 2914 bant.
457 2858 642 2915 Multa
666 2874 856 2918 rumor
879 2857 1160 2935 fingebat:
1208 2869 1267 2928 ut
1301 2856 1443 2933 pene
1484 2856 1696 2915 bellum
1727 2856 1954 2915 confec·

213 2946 332 2992 tum
361 2933 659 2993 videretur.
740 2935 959 3009 Quibus
988 2937 1183 3010 litteris
1210 2934 1533 3013 nunciisque
1554 2936 1806 2993 Romam
1833 2954 1957 3013 per·

214 3012 376 3079 latis:
418 3014 611 3091 magni
650 3015 884 3073 domum
924 3015 1216 3072 concursus
1260 3013 1328 3071 ad
1372 3014 1693 3080 Afranium,
1737 3029 1954 3104 maguae

213 3090 613 3169 gratulationes
642 3093 877 3151 fiebant:
912 3093 1072 3152 multi
1100 3112 1171 3150 ex
1199 3092 1357 3150 Italii
1383 3093 1454 3151 ad
1483 3094 1591 3151 Cu.
1623 3091 1953 3170 Pompeium

105 3168 137 3187 ''
210 3168 741 3303 proficiscebantum
782 3171 897 3237 alii,
928 3184 989 3228 ut
1016 3170 1293 3247 principes
1320 3171 1489 3229 talem
1516 3171 1786 3229 nuncium
1816 3183 1956 3228 attu-

236 3265 252 3301 ι

257 3246 358 3311 ίΐες
389 3246 506 3310 alii,
533 3266 602 3302 ne
629 3261 885 3305 eventum
917 3249 1050 3306 belli
1078 3248 1430 3327 exspectasse,
1459 3261 1555 3309 aut
1581 3268 1652 3308 ex
1679 3249 1945 3308 omnibus

210 3322 479 3380 novissimi
507 3322 723 3394 venisse,
750 3323 1087 3385 viderentur.

1851 3403 1952 3460 LI.
