2169 3766
263 174 405 251 392
807 154 908 229 A.
1012 155 1490 246 H,11z·r11

259 281 399 336 dites
442 278 784 360 equitesque,
838 282 1081 342 clamore
1127 281 1296 347 fafto,
1355 282 1642 359 dispolitis
1682 281 1764 341 ibi
1809 284 1995 361 partim

259 360 356 436 qui
399 362 728 427 remansere,
771 363 1117 438 eruptionem
1165 365 1218 418 in
1249 362 1699 419 adversariorum
1731 366 1896 421 castra
1925 366 1993 419 fe·

259 454 473 496 cerunt.
559 441 650 496 Sic
691 440 825 497 illud
858 459 1027 515 quum
1071 440 1430 496 inscientibus
1458 442 1791 508 accidiffet;
1831 444 1991 498 existi·

259 518 454 574 mabat
481 536 685 596 magna
711 537 836 594 pars
865 519 1183 587 hominum,
1220 518 1319 596 qui
1358 520 1415 575 in
1452 520 1524 575 iis
1555 522 1744 577 castris
1774 521 1993 586 fuiffent,

257 594 315 654 se
337 595 513 673 prope
539 611 729 672 captos
755 595 877 653 effe.
1773 593 1786 599 ”

341 676 448 734 IV.
491 675 621 732 Hoc
655 675 811 732 miffo
841 674 907 736 ad
938 673 1134 736 Uliam
1175 673 1448 751 praefidio,
1496 674 1715 742 Caesar,
1763 689 1824 734 ut
1848 677 1994 734 Pom·

259 754 448 829 peium
497 753 570 809 ab
611 753 676 810 ea
715 754 1134 831 oppugnatione
1176 754 1497 821 deduceret,
1557 755 1636 811 ad
1681 755 1989 813 Cordubam

261 832 583 898 contendit:
641 852 710 889 ex
752 851 864 907 quo
904 833 1101 888 itinere
1153 832 1415 889 loricatos
1457 833 1611 889 viros
1670 834 1844 890 sortes
1882 853 1994 891 cum

258 913 507 988 equitatu
538 909 662 967 anti:
704 910 995 987 praernisit3
1040 911 1138 986 qui
1173 911 1332 968 simul
1374 912 1429 967 in
1459 910 1771 988 conspe&
1813 914 1994 988 oppidi

259 990 315 1047 se
343 988 633 1053 dederunt,
676 991 731 1044 in
770 989 925 1065 equis
966 991 1322 1063 recipiuntur.
1408 991 1539 1046 Hoc
1567 988 1602 1046 ὲ
1632 991 1996 1048 Cordubenfi-

259 1069 361 1127 bus
396 1086 747 1144 nequaquam
792 1080 1009 1143 poterat
1038 1065 1426 1125 animadverti.
1513 1070 1992 1144 Appropinquan·

257 1149 429 1214 tibus,
471 1166 538 1203 ex
569 1148 779 1223 oppido
821 1146 964 1202 bene
994 1164 1198 1222 magna
1241 1145 1541 1202 multitudo
1572 1148 1645 1203 ad
1692 1149 1993 1223 equitatum

258 1225 666 1286 concidendum
708 1243 884 1303 quum
922 1222 1147 1291 exiffet3
1205 1225 1438 1290 loricati,
1481 1238 1543 1281 ut
1584 1225 1755 1300 supra
1797 1225 1994 1302 scripfi·

258 1324 405 1371 mue,
446 1323 516 1362 ex
554 1304 709 1380 equit
747 1303 1164 1369 descenderunt,
1204 1308 1255 1359 &
1301 1322 1568 1379 magnum
1615 1305 1877 1377 proelium
1917 1306 1991 1361 fe·-

258 1398 487 1449 cerunt3
529 1382 621 1446 fic,
668 1397 728 1438 ut
759 1401 831 1438 ex
865 1381 1079 1440 infinita
1123 1381 1411 1438 hominum
1455 1382 1821 1440 multitudine
1863 1402 1990 1458 pau·

259 1462 424 1518 ci'in
481 1459 748 1537 oppidum
806 1460 859 1516 se
897 1460 1222 1534 reciperent.
1311 1459 1444 1517 Hoc
1485 1461 1990 1518 timore-adductus

261 1543 389 1596 Sex.
419 1540 716 1615 Pompeius
758 1539 963 1595 litteras
994 1538 1145 1594 fratri
1192 1536 1352 1602 misit,
1395 1551 1455 1595 ut
1482 1538 1715 1595 celeriter
1735 1538 1847 1616 sthi
1867 1537 1990 1611 sirb-

242 1622 377 1695 fidio
404 1621 642 1684 venirem
687 1637 746 1671 ne
768 1622 910 1691 prius
938 1617 1117 1688 Caesar
1143 1615 1434 1679 Cordubam
1459 1630 1682 1691 caperet,
1723 1617 1871 1693 qusint
1893 1619 1988 1692 ipse

254 1697 348 1757 illb
373 1697 605 1771 veng'fflt.
664 1696 749 1751 Ita
775 1696 885 1752 Cn.
917 1694 1237 1768 Pompeius,
1264 1693 1399 1753 Ulia
1427 1693 1604 1772 prope
1631 1694 1819 1771 capta,
1847 1697 1983 1753 litte-

257 1777 329 1833 ris
360 1776 535 1833 fratris
564 1775 796 1843 excituS,
838 1793 964 1832 curn
994 1774 1170 1849 copiis
1203 1773 1274 1831 ad
1303 1772 1634 1832 Cordubam
1677 1775 1779 1832 iter
1805 1774 1979 1832 facere

255 1853 448 1933 coepie.

337 1936 414 1991 V.
458 1932 659 2000 Caesar,
701 1951 872 2009 quum
916 1932 988 1989 ad
1030 1930 1235 1990 flumen
1278 1932 1473 1991 Baetim
1517 1932 1763 1999 venifl‘et,
1806 1950 1977 2008 neque

253 2026 484 2092 propter
526 2013 873 2071 altitudinem
917 2011 1158 2068 fluminis
1199 2012 1420 2068 tranfire
1462 2014 1672 2087 possen
1713 2011 1981 2087 lapidibus

257 2094 452 2150 corbes
494 2093 688 2166 plenos
716 2089 949 2146 dimisit:
995 2091 1094 2151 ita,
1137 2088 1356 2166 insuper
1392 2104 1561 2165 ponte
1587 2089 1755 2156 facto,
1798 2091 1978 2165 copias

254 2172 334 2229 ad
396 2173 564 2228 castra
626 2168 906 2243 tripartito
969 2167 1294 2225 transduxit.
1375 2168 1683 2225 Tenebant
1736 2169 1984 2226 adversus

255 2249 526 2326 oppidum
572 2247 605 2308 ὲ
648 2248 873 2324 regione
916 2247 1098 2323 pontis
1128 2247 1329 2313 trabes,
1371 2246 1618 2324 utsupra
1660 2247 1980 2323 scripfimus,

255 2327 540 2404 bipartito.
625 2327 758 2393 Huc
798 2344 971 2401 quum
1012 2324 1307 2402 Pompeius
1348 2344 1477 2382 cum
1527 2324 1635 2382 suis
1675 2326 1850 2401 copiis
1887 2344 1976 2382 ve-

253 2407 431 2473 nisset,
474 2426 544 2464 ex
575 2405 802 2462 adverso
832 2403 950 2480 pari
977 2406 1191 2460 ratione
1219 2405 1387 2460 castra
1417 2405 1591 2478 ponit.
1680 2403 1881 2469 Caesar,
1922 2413 1976 2459 ut

250 2506 382 2544 eum
427 2487 497 2543 ab
526 2482 1192 2561 oppido-commeatuque
1219 2483 1552 2548 excluderet,
1596 2482 1883 2540 brachium
1910 2481 1975 2539 ad

251 2577 482 2644 pontem
510 2564 712 2620 ducere
738 2561 941 2636 coepit:
986 2561 1105 2635 pari
1139 2559 1288 2618 idem
1316 2561 1638 2617 conditione
1665 2560 1974 2637 Pompeius.

252 2645 371 2701 Hic
411 2643 553 2700 inter
592 2641 758 2699 duces
787 2640 925 2696 duos
965 2637 1026 2695 fit
1053 2637 1357 2704 contentiO,
1388 2647 1521 2695 'uter
1560 2640 1713 2714 prius
1758 2654 1976 2715 pontem

253 2735 586 2796 occuparet:
631 2738 701 2776 ex
731 2717 842 2794 qua
869 2717 1187 2774 conditione
1217 2717 1543 2793 quotidiana
1582 2719 1804 2776 minuta
1844 2736 1979 2794 proe-

251 2800 333 2857 lia
373 2801 612 2863 fiebant3
668 2809 726 2853 ut
766 2796 942 2855 modo
983 2795 1063 2862 hi,
1110 2794 1277 2863 modo
1317 2795 1420 2860 illi,
1463 2794 1774 2872 superiores
1813 2795 1980 2854 disce-

251 2879 469 2936 derent.
550 2879 693 2955 Quae
744 2893 828 2931 res
880 2893 1052 2952 quum
1106 2874 1174 2930 ad
1239 2872 1534 2947 majorem*
1567 2874 1980 2932 contentionem

252 2958 500 3022 venisset,
543 2956 616 3013 ab
650 2952 889 3029 utrisque
917 2952 1169 3010 cominus
1209 2971 1402 3028 pugna
1440 2952 1668 3028 iniqua:
1712 2954 1850 3010 dum
1890 2971 1980 3009 cu-

249 3035 435 3111 pidius
474 3035 662 3091 locum
706 3033 918 3088 student
951 3045 1156 3095 tenere,
1198 3043 1424 3105 propter
1463 3044 1693 3106 pontem
1739 3049 1980 3108 coangu-

251 3114 567 3179 stabantur3
612 3117 661 3169 δι
703 3110 943 3167 fluminis
984 3109 1116 3186 ripis
1154 3106 1687 3184 appropinquanteS,
1732 3127 1979 3184 coangu-

248 3193 370 3251 stati
426 3189 931 3267 praecipitabantur.
1016 3185 1135 3244 Hic
1185 3187 1338 3243 alteri
1393 3187 1580 3245 alteris
1634 3205 1750 3246 non
1805 3186 1978 3244 solum

250 3284 487 3328 mortem
518 3268 680 3326 morti
709 3264 1151 3342 exaggerabant,
1194 3263 1282 3320 sed
1312 3264 1554 3322 tumulos
1582 3265 1809 3323 tumulis
1838 3284 1977 3322 exae‘

246 3349 519 3425 quabant.
602 3345 689 3402 Ita
726 3342 921 3415 diebus
962 3341 1343 3422 compluribus
1385 3343 1648 3421 cupiebat
1692 3342 1899 3407 Caesar,
1941 3342 1978 3401 fi

1857 3419 1971 3500 qui
